1554 2489
50 101 63 140 6
76 93 77 96 ’
290 108 470 140 corsurruorrrs

24 206 86 247 dient
108 206 255 259 quiescentes
279 206 343 247 iuxta
363 217 400 247 xm
418 204 549 258 capitulum.
572 204 596 246 Si
609 217 662 246 vero
680 202 742 264 opus

23 272 90 313 fuerit
103 271 337 324 rumperesilencium
350 272 401 324 post
415 270 592 323 completorium,
609 271 642 312 sic
654 270 701 319 fiat,
712 262 743 311 ut.

15 336 74 377 ‘loca
87 337 216 378 communia
229 329 398 386 monachorum,
413 335 517 377 videlicet
525 336 673 385 refectorium,
688 335 742 377 dor--

24 401 146 451 olitorium,
155 402 286 452 claustrum,
292 402 423 452 infirmaria,
429 401 493 443 nullo
502 400 569 442 modo
576 396 736 460 inquietentur:

24 467 114 518 proviso
129 467 198 508 etiam
212 468 273 520 quod
292 466 369 508 Abbas
384 468 483 508 attentus
497 466 527 507 sit
540 458 569 507 ne
582 466 659 507 forsan
668 465 738 518 aliqui

24 530 118 571 fratrum
132 531 160 573 de
174 531 345 572 seroexcedant
362 531 485 584 vigilando,
500 531 524 571 in
537 526 626 571 tantum
640 529 701 582 quod
714 541 739 571 se

24 595 119 637 reddant
133 596 267 649 impotentes
276 596 306 637 ad
318 594 432 650 regulares
442 592 541 650 vigilias
550 596 608 637 sicut
622 590 738 649 'sepissime

25 661 83 703 solet
96 662 196 716 contingi
210 662 343 704 indiscretis.
356 682 358 685 v

186 878 223 919 DE
236 876 417 919 DORMITORIO
432 876 572 919 FRATRUM

298 976 425 1007 cnrrruuum
438 977 471 1006 nr.

81 1115 183 1157 Fratrum
197 1118 273 1157 autem
287 1115 443 1157 dormitorium
456 1126 503 1157 non
517 1115 546 1157 sit
555 1112 687 1157 distinctum
700 1127 742 1168 per

28 1181 103 1230 cellas,
118 1182 158 1223 sed
171 1183 270 1223 habeant
287 1183 358 1234 lectos
378 1176 450 1222 iuxta
461 1178 562 1222 tenorem
582 1193 629 1222 xum
647 1176 740 1234 capituli

16 1246 111 1299 *regule
127 1246 161 1288 Sit
180 1248 257 1289 famen
270 1247 329 1288 inter
349 1246 432 1288 lectum
453 1246 570 1288 eflectum
591 1247 739 1288 intersticium

29 1311 166 1363 tabularum,
182 1313 244 1366 quod
262 1313 381 1367 prohibeat
398 1314 501 1354 mutuam
522 1309 632 1354 visionem
646 1313 739 1355 fratrum

28 1379 54 1421 in
68 1379 132 1421 lectis
145 1380 267 1421 iacentium
280 1380 316 1421 vel
330 1379 459 1433 legentium,
482 1380 572 1432 sintque
592 1379 687 1432 desuper
705 1391 740 1421 co-

29 1446 100 1498 operti
116 1446 205 1498 propter
221 1445 324 1497 pulveres
340 1447 362 1487 et
376 1438 453 1498 frigus.
476 1445 535 1486 Loca
555 1444 623 1486 etiam
644 1444 676 1486 sic
694 1445 741 1486 sint

29 1510 140 1560 ordinata,
155 1512 181 1551 ut
190 1510 285 1563 quilibet
292 1510 375 1552 babeat
384 1511 504 1552 fenestram
513 1522 553 1563 pro
562 1510 648 1551 lumine
657 1510 702 1551 diei
711 1511 741 1551 ad

28 1575 148 1628 legendum
158 1578 180 1617 ei
189 1572 339 1625 scribendum,
351 1567 372 1617 et
379 1575 506 1617 mensulam
515 1576 599 1618 ibidem
608 1576 740 1618 collocatam

29 1641 99 1693 atquo
111 1641 193 1690 sedem,
209 1643 231 1682 et
244 1642 375 1683 huiusmodi
389 1641 433 1694 que
447 1642 573 1683 necessaria
587 1643 641 1683 sunt
653 1653 694 1695 pro
707 1642 746 1682 ta·-

26 1705 101 1748 libus„
112 1706 193 1748 bectus
211 1708 286 1747 autem
300 1707 330 1747 sit
351 1718 429 1747 saccus
443 1707 579 1748 stramineos
600 1718 651 1748 cum
664 1718 745 1759 panno

29 1772 98 1812 lanco-
108 1783 187 1824 grosso
201 1772 348 1824 superposito,
364 1773 386 1813 et
399 1784 446 1812 una
459 1771 531 1813 lodice
540 1783 580 1824 pro
594 1766 745 1824 coopertorio„

30 1837 51 1877 et
59 1836 173 1889 plumacia
182 1837 224 1877 sub
233 1837 305 1891 capite
311 1838 408 1886 tantum,
418 1838 440 1878 et
449 1848 496 1878 non
504 1837 573 1887 aliud,
581 1838 646 1878 iuxta
653 1839 746 1879 senten--

29 1902 85 1941 tiam
92 1901 185 1953 capituli
194 1913 224 1942 ux
231 1902 323 1956 (lepmrl
329 1904 351 1946 et
358 1913 413 1942 xxm.
419 1902 500 1943 Vestiti
507 1897 582 1943 autern
592 1902 711 1952 dormiant,
718 1902 743 1943 id

29 1967 64 2007 est
78 1966 107 2008 ad
115 1967 191 2009 minus
205 1968 230 2008 in
242 1979 290 2008 una
298 1968 376 2009 tunica
385 1970 407 2009 et
414 1967 533 2021 scapulari,
542 1969 564 2008 et
576 1968 650 2017 cincti,
657 1969 686 2008 -ut
696 1967 742 2008 sint

29 2032 102 2083 parati
112 2044 204 2085 surgere
211 2032 265 2074 dum
275 2034 365 2086 signum
375 2033 489 2075 sonaverit
498 2033 547 2074 siue
556 2045 626 2083 mora,
637 2033 741 2074 videlicet

29 2098 86 2139 ante
91 2097 159 2139 finem
173 2098 239 2152 signi,
255 2100 316 2153 quod
325 2100 458 2141 strictissime
471 2101 581 2149 teneatur,
596 2099 651 2152 quia
664 2110 741 2140 mona·
754 2106 756 2109 ’

29 2163 78 2204 clris
92 2164 158 2205 valde
167 2165 319 2209 necessarium
333 2166 367 2206 est
376 2166 398 2206 et
407 2165 470 2215 utile,
485 2166 508 2206 et
516 2166 542 2206 ut
555 2165 588 2206 ibi
597 2165 690 2206 dicitur:
701 2165 741 2217 qui

29 2229 180 2284 sompnolenti
194 2230 284 2280 fuerim,
294 2231 419 2273 excitentur
432 2243 471 2283 per
481 2231 545 2272 alies.
561 2231 602 2272 Isti
611 2230 663 2272 lecti
672 2229 742 2281 sepis-

29 2294 85 2335 sime
102 2295 222 2337 visitentur
235 2308 277 2350 per
283 2297 402 2347 Abbatem,
413 2298 453 2338 aut
466 2297 503 2338 cui
516 2296 614 2346 iusserit,
629 2296 693 2337 iuxta
707 2306 742 2335 ca-

28 2360 126 2414 pitulum
135 2372 164 2402 nv
182 2374 211 2404 ne
220 2362 334 2415 peculium
347 2362 486 2406 inveniatur:
498 2374 543 2407 Περ
553 2362 621 2414 etiam
631 2361 673 2402 sub
683 2361 742 2402 clavi
