1554 2489
60 60 85 100 to
299 69 481 115 cousomumuus

32 166 139 208 debemus
153 167 218 220 plene
231 167 291 207 stare
312 167 334 206 et
354 165 403 206 sine
423 165 581 219 appodiatione
600 167 631 210 ad
652 179 679 209 ea
698 179 742 223 quo

34 234 146 274 secuntur:
162 232 245 285 primo,v
251 232 339 285 quoties
352 242 391 285 per
405 243 429 272 se
438 231 474 273 vel
483 243 534 272 cum
548 232 593 273 alio
605 234 658 289 quis
667 235 743 277 cauae

32 298 68 339 vei
82 298 177 350 imponit
190 298 304 350 psalmum
317 299 370 338 ante
383 297 454 338 attare
462 297 487 339 in
496 297 576 348 medio,
587 301 613 342 ut
622 300 690 341 mods
699 301 740 349 est,

32 364 56 405 in
70 364 193 406 maioribus
206 364 269 406 festis
290 376 304 405 a
324 363 460 414 centesima,
482 364 518 405 vei
538 364 567 405 ad
587 364 705 409 lectionem
718 366 742 409 in

33 428 151 478 matutine,
178 430 296 481 epistolam
309 430 334 470 in
347 428 424 478 missa,
446 429 482 471 vel
502 430 577 470 cantat
597 441 686 473 versum
707 432 742 474 vel

32 493 171 535 butusmodi.
196 494 252 535 Item
272 494 338 547 plene
364 494 425 534 stent
451 493 529 534 iratres
556 494 742 550 quandocumque

32 558 115 611 iegitur
122 559 276 611 Evangelium.
285 558 341 601 Item
350 558 395 598 ad-
402 559 580 611 maqutftmtsad
586 549 743 613 demutatas,ss

32 624 62 664 ad
78 637 154 664 -uuue
168 625 269 664 sumatis.
280 646 289 652 -
302 623 330 665 m
343 623 368 663 in
387 623 448 663 trina
468 624 568 664 oratione
588 636 631 676 que
644 625 670 665 fit
690 627 742 669 ante

32 688 109 729 altare.
125 688 181 728 Item
195 687 272 729 nullus
286 699 387 739 unquam
400 688 485 735 audeat¹
496 688 578 738 sedere,
593 689 638 732 nisi
651 690 741 742 quando

31 755 66 794 est
80 749 171 795 solitum
189 765 228 805 per
249 752 306 794 alios
326 753 412 802 fratres,
434 753 518 794 scilieet
538 754 596 796 infra
616 755 740 807 epistolam,

31 818 146 870 graduale,
165 829 263 867 versum,
278 818 410 868 -altetuiq-
423 817 570 861 offertorium}
590 831 637 860 non
650 820 742 871 sedeant

31 886 108 925 tamen
121 883 161 936 qui
175 895 201 924 ea
215 885 313 932 cantant,
329 883 369 924 sed
382 883 421 923 alii
440 883 459 924 si
477 883 578 936 indigent
587 885 664 936 petant
675 886 742 928 ltcen-

31 950 94 989 tiam.
110 949 145 989 Ita
157 950 234 989 tamen
247 948 308 1001 quod
321 948 345 989 in
358 948 403 990 fine
417 949 518 990 omnium
536 950 634 1001 sedeant,
656 952 678 991 et
695 962 742 995 non

31 1014 86 1054 dent
108 1014 159 1054 aliIs
182 1014 373 1066 impedimentum.
398 1013 454 1054 Item
473 1016 525 1066 post
547 1014 644 1056 offiomm
664 1009 746 1057 nullua

31 1078 114 1120 audeat
120 1079 207 1131 ingredi
216 1079 317 1127 chorum,
326 1078 418 1119 sedendi
426 1078 463 1119 vel
472 1078 596 1125 dormiendi
605 1090 680 1129 oausa3
689 1080 742 1133 quia

31 1146 111 1185 eontra
123 1144 233 1185 rationem
243 1143 334 1185 oratorii
343 1145 384 1193 θεῖ,
395 1144 459 1184 quta
468 1144 591 1196 capitulum
600 1156 638 1194 uu,
652 1146 748 1198 propterv

31 1209 157 1254 accidentia
170 1222 214 1262 que
223 1210 296 1251 soient
310 1209 378 1250 etiam
387 1209 516 1250 nolentibus
526 1210 614 1252 evenire
631 1211 655 1251 in
669 1223 742 1263 somp-

33 1275 76 1315 nis.
98 1275 155 1316 Item
175 1276 246 1316 stetur
260 1274 289 1317 ad
297 1297 306 1305 -
317 1276 344 1315 I’e
358 1275 424 1314 cteauu
438 1275 558 1317 tondamus
567 1298 576 1306 -
585 1275 663 1317 eodem
676 1276 742 1318 modo

33 1340 83 1383 siue
96 1340 264 1392 appodiati0ne.

111 1547 150 1592 DII
164 1546 259 1591 Pauua
273 1545 530 1594 olscoopuRIT-louu
551 1544 662 1588 CAPITIS

299 1645 427 1678 comeatum
441 1646 471 1675 iu.

86 1789 145 1842 Quia
158 1788 260 1832 divinum
273 1788 379 1837 affictum,
401 1789 427 1827 ut
446 1787 570 1839 predictum
584 1789 618 1828 est
639 1799 667 1828 ex
684 1788 743 1839 oapi-

22 1842 82 1897 Ϋῖηῖο
96 1865 143 1903 xix,
165 1865 217 1894 oum
228 1852 361 1898 ·reverentia
381 1852 447 1893 debet
467 1852 525 1901 diei,¹
541 1853 562 1892 et
583 1852 612 1892 ad
632 1851 655 1892 id
675 1852 743 1895 etiam

34 1918 122 1960 uidetur
142 1918 298 1971 discooperitio
319 1917 398 1970 oapItis
419 1917 536 1969 pertinere,
557 1917 607 1959 ideo
628 1918 750 1960 sciendum

34 1985 95 2041 quod
108 1986 175 2037 eaput
188 1984 253 2037 plene
267 1983 474 2036 dtaaooperiendmn
487 1985 521 2024 est
535 1983 563 2023 ah
577 1983 622 2027 hiis
635 1983 674 2036 qui
690 1985 742 2025 ante

35 2050 134 2095 medium
147 2050 224 2094 aitaris
238 2049 324 2101 aliquid
337 2048 455 2101 incipiunt,
471 2049 549 2101 legunt
562 2048 597 2089 vel
615 2048 740 2102 imponunt.

35 2119 91 2158 Item
105 2115 134 2155 ad
146 2114 242 2167 primam
256 2114 379 2155 orationem
393 2114 417 2154 iu
431 2113 501 2154 missa
514 2115 536 2155 et
545 2113 594 2154 etus
603 2113 740 2166 complenda.

35 2184 91 2224 Item
104 2180 134 2221 ad
146 2179 265 2220 lectionem
273 2179 391 2232 evangelii.
401 2179 457 2220 Item
466 2179 652 2232 quandocumque
661 2179 743 2231 aliquis

35 2246 102 2286 irater
122 2242 199 2284 abbati
212 2243 318 2294 quuitur,
334 2242 370 2284 vel
382 2243 438 2295 petit
462 2243 548 2295 aliquid
568 2243 596 2284 ab
617 2255 650 2292 eo,
662 2242 742 2288 ,donee

35 2309 106 2354 abtas
124 2307 200 2352 iubeat
213 2307 345 2362 superponi¹
355 2309 445 2363 piopter
457 2307 493 2350 dei
506 2308 652 2351 reuerentiam
665 2319 740 2362 quam,
