1554 2489
44 65 71 104 64
285 74 465 104 eorsumunmrs
477 75 480 79 ’

17 161 159 225 diuaeionem
173 170 209 211 rel
223 170 356 211 servitorum
370 170 406 211 vel
424 170 563 211 infirmorum
581 170 732 221 exorbitatum

18 234 85 276 fuerit
99 237 177 276 eontra
188 235 315 288 regularem
328 231 476 285 honestatem,
492 235 617 288 corrigatur
629 248 643 276 a
651 236 731 288 priore,

19 302 58 354 qui
71 300 140 342 talem
153 301 246 342 modum
257 302 333 343 tenere
342 301 414 352 debet,
425 302 477 343 cum
487 302 548 343 omni
557 304 633 343 tamen
642 302 732 354 pietate,

19 368 45 408 ut
58 379 110 408 eum
119 367 175 407 talia
187 378 235 408 non
248 367 341 409 lateant.
356 367 384 408 m
397 379 538 420 quecumque
551 368 581 408 ad
594 368 654 408 hanc
665 369 734 407 mate-

18 434 76 473 riam
98 433 218 484 pertinent,
240 434 319 486 regula
339 433 405 485 plene
419 433 522 484 exprimit
542 432 641 484 capitulo
655 443 733 480 xxxvi,

21 497 60 537 ubi
74 498 177 538 videatur
190 498 287 550 plenius.

46 670 83 712 Dr]
97 669 321 721 DISPENSATORE,
335 670 392 712 VEL
408 670 588 713 cutientem
609 670 708 713 Domus

254 797 383 838 anemurum
395 808 456 838 xcix.
472 797 501 849 (t)

73 910 101 949 ln
115 909 181 949 domo
195 909 232 949 dei
245 909 361 951 ordinetur
375 910 457 961 aliquis
471 910 581 950 discretus
597 909 664 950 irater
685 919 737 949 con-

20 991 107 1028 versus,
119 979 138 1020 si
148 979 196 1020 fieri
205 981 286 1033 potest,
301 981 336 1021 rel
345 981 446 1030 clericus,
457 980 497 1033 qui
506 980 531 1021 in
540 992 594 1022 cura
603 992 646 1021 sua
655 980 738 1022 habeat

21 1045 98 1086 omnia
112 1057 156 1099 que
169 1047 282 1099 pertinent
296 1047 326 1089 ad
338 1047 430 1098 uictum,
446 1047 531 1089 scilicet
544 1046 631 1098 vinum
646 1059 735 1100 panem,

21 1113 116 1163 fructus,
132 1124 235 1165 granum,
251 1124 301 1163 ora,
316 1125 415 1164 caseum,
426 1114 518 1167 species,
529 1113 652 1166 legumina,
663 1113 739 1156 oleum

22 1180 44 1220 et
58 1179 103 1220 alia
117 1179 255 1229 consimilia;
270 1179 363 1232 ipseque
376 1180 491 1233 dispenset
504 1181 618 1230 fratribus,
634 1180 737 1230 infirmis,

22 1245 158 1297 hospitibus,
173 1246 318 1297 pauperihus
333 1248 400 1298 prout
413 1246 501 1286 iussum
514 1246 581 1286 fuerit
594 1257 634 1297 per
643 1246 739 1296 priorem

22 1309 59 1349 vel
70 1310 211 1350 cellerarium
224 1310 377 1362 principalem,
393 1311 430 1350 cui
442 1310 496 1350 talis
510 1310 651 1361 dispensator
665 1309 739 1349 dome-

23 1374 94 1414 sticus
102 1374 243 1414 ministerest
250 1386 290 1414 seu
298 1374 393 1415 adiutor.
400 1374 501 1415 Etiaciat
508 1373 606 1415 officium
613 1385 680 1414 suum
688 1384 739 1414 cum

24 1439 86 1479 omni
99 1438 273 1492 longanimitate
287 1440 309 1480 et
325 1439 476 1481 moderamine
492 1439 636 1481 discrecionis
652 1451 679 1481 ac
694 1438 739 1492 pie-

24 1505 85 1555 tatis,
101 1504 160 1546 sicut
173 1505 198 1546 in
211 1505 311 1559 capitulo
324 1517 379 1547 xxxi
400 1506 427 1548 de
441 1506 513 1548 officio
527 1505 636 1547 cellerarii
649 1506 738 1548 dicitur.

25 1572 68 1613 Hic
82 1584 168 1625 semper
182 1574 272 1613 maneat
286 1573 311 1614 in
325 1573 398 1623 domo,
414 1573 468 1626 quia
482 1573 510 1613 ab
524 1573 574 1625 ipso
588 1584 666 1614 omnes
683 1572 738 1621 alfii,

25 1637 129 1678 videlieet
152 1639 259 1690 magister
281 1639 405 1690 hospitum,
429 1638 578 1686 infirmarius,
602 1639 740 1689 portararius

25 1713 66 1752 pro
79 1702 216 1753 pauperihus
231 1702 260 1742 ad
273 1704 368 1753 portam,
384 1704 406 1743 et
420 1714 494 1751 cocus⁷
509 1703 532 1742 et
540 1702 607 1742 ceteri
621 1702 740 1742 servitores

25 1766 106 1806 domus
125 1766 210 1806 hahent
227 1767 325 1817 accipere
346 1778 388 1806 suo
408 1766 457 1806 loco
478 1767 501 1806 et
521 1767 620 1817 tempore
640 1766 664 1805 id
680 1765 741 1817 quod

26 1830 59 1870 eis
73 1830 174 1871 debiturn
188 1832 228 1871 est.
244 1831 272 1871 Et
286 1832 306 1871 si
320 1832 357 1872 eui
370 1831 520 1884 denegaverit,
535 1830 600 1871 nullo
618 1830 685 1872 modo
703 1831 740 1873 oui

27 1896 162 1950 denegatum
175 1897 242 1939 fircrit
258 1898 341 1939 audeat
363 1910 439 1940 seeum
462 1898 602 1948 contendere,
627 1909 668 1939 nec
681 1910 740 1939 mur-

26 1975 115 2005 murare
129 1966 207 2005 eontra
221 1965 307 2018 ipsum3
323 1965 363 2006 sed
376 1965 436 2006 dicat
454 1965 530 2018 priori,
550 1965 597 2017 qui,
617 1964 741 2007 secundum

27 2030 88 2081 quod
106 2030 136 2070 ad
153 2030 228 2083 ipsum
248 2031 352 2083 pertinet,
370 2032 446 2071 omnia
464 2031 558 2072 discrete
577 2030 689 2083 disponat,
709 2030 741 2071 ita

27 2096 89 2146 qdod
102 2095 180 2136 nullus
194 2095 276 2136 lrabeat
290 2097 373 2137 iustam
387 2097 526 2137 occasionem
541 2096 687 2137 lamentandi.

99 2236 118 2270 ξ’)
129 2235 161 2262 lico
171 2234 266 2270 Capitulum,
275 2235 315 2270 quod
326 2235 351 2263 hic
361 2235 460 2263 inscribimus
470 2234 498 2263 sub
509 2235 527 2262 N.
538 2243 585 2268 xiix,
600 2235 615 2263 iu
626 2234 681 2262 Codice
693 2234 741 2266 habet

28 2282 47 2310 N>
64 2290 121 2315 xcrur,
138 2283 163 2319 qui
180 2291 253 2310 numerus
268 2283 291 2310 bis
305 2283 380 2318 repetitur
394 2291 447 2310 errore
463 2284 548 2318 scriptoris.
565 2282 601 2309 ideo
618 2282 691 2318 Capitula
706 2290 740 2320 quae

29 2332 113 2365 aequantur
123 2329 142 2356 de
152 2330 213 2358 unitate
223 2329 274 2358 minus
284 2330 300 2361 iu
311 2329 448 2362 Codiceidlfferunt
458 2334 533 2361 anostra
542 2329 655 2360 cunici-alioue.
