1560 2498
281 105 411 136 carrrunun
431 105 486 134 xxvi
690 93 716 132 41

31 199 78 241 nisi
87 200 152 241 finito
166 223 175 229 -
187 202 268 253 Apoas
278 202 314 242 det
320 224 329 231 -
346 202 368 242 et
377 202 467 242 cantato
484 223 493 230 -
500 202 560 241 dorm
569 200 745 253 coemptione·

31 265 195 307 communione
209 268 319 319 percepta,
335 267 452 319 dyaconus
465 267 491 306 ut
505 277 573 318 supra
596 265 681 306 dictum
702 265 743 313 est,

29 330 100 384 plicet
115 332 236 384 corporale,
252 333 274 372 et
289 344 302 372 a
312 332 410 373 sinistris
420 331 500 372 stando
510 331 613 372 similiter
622 333 644 372 et
653 330 746 372 calicem

29 396 141 448 involvat,
157 399 179 438 et
193 398 277 439 librum
298 398 372 450 portet
392 397 422 438 ad
442 397 569 446 dexterum3
591 397 655 438 nullo
678 396 745 437 modo

30 465 110 503 tamen
122 464 229 517 negligat,
245 464 337 516 quando
351 464 455 504 sacerdos
469 464 536 503 vertit
545 475 569 504 se
581 464 611 504 ad
623 465 745 504 -dcmtans

32 530 168 581 dedisacra,-
182 532 234 571 ante
248 531 323 582 ipsum
336 530 473 583 genuflectat
490 529 591 582 parando
611 530 679 570 etiam
698 529 746 581 pla-

33 597 111 635 netam
123 596 144 636 si
165 596 195 636 sit
215 607 313 636 necesse.
335 595 450 636 Accolitus
471 596 547 636 autem
568 595 614 635 alia
634 594 744 647 suppleat,

25 660 139 701 >uidelicet
150 660 255 713 ponendo
269 660 384 715 corporale
398 672 465 713 super
479 660 571 702 calicem
586 660 715 701 involutum
725 661 747 700 et

33 726 142 767 tobaliam
163 738 232 778 quam
251 728 343 768 tenebat
363 727 524 779 subdyaconus
545 738 612 778 super
631 727 745 779 patenam.

36 791 202 844 Subdyaconus
216 794 292 833 autern
305 793 385 834 fundat
398 793 478 833 uinum
492 794 514 833 ct
528 804 611 845 aquam
623 804 664 844 pro
685 791 722 831 abl
738 815 748 821 -

34 857 99 898 cione
112 857 189 898 calicis
203 859 224 898 et
238 870 354 899 manuum.
370 857 458 909 Quibus
467 858 574 898 omnibus
583 857 663 898 devote
671 868 747 909 perac-

33 923 64 964 tis
78 923 100 963 et
113 923 162 964 siue
176 935 259 976 magno
273 924 368 976 strepitu
389 924 457 975 atque
478 923 589 972 discursu,
610 923 678 975 prout
698 921 747 963 fieri

34 988 123 1041 poterit,
147 989 302 1041 ordinatisque
325 989 433 1030 omnibus
456 989 566 1030 ministris
588 990 614 1029 ut
634 1000 704 1041 supra
723 988 748 1030 in

35 1054 91 1096 locis
104 1054 163 1096 suis:
180 1054 234 1095 dum
248 1055 352 1096 cantatur
365 1077 374 1084 -
383 1056 417 1095 Ite
431 1056 504 1095 atissa
517 1057 565 1096 est·
578 1055 626 1095 tam
644 1053 748 1095 sacerdos

35 1131 105 1172 quarn
118 1120 234 1172 dyaconus
248 1121 308 1161 stent
321 1119 380 1161 versi
394 1120 424 1160 ad
437 1119 555 1172 populum,
570 1119 632 1171 quod
652 1130 746 1171 semper,

35 1185 89 1226 dum
103 1185 173 1234 adest,
189 1197 203 1225 a
212 1185 314 1237 dyacono
324 1185 462 1226 cantandum
471 1186 512 1226 est.
524 1184 573 1236 Quo
582 1185 647 1225 finito
658 1185 748 1225 vertant

35 1262 60 1291 se
69 1250 99 1290 ad
108 1250 188 1290 altare:
205 1251 269 1291 nullo
283 1250 328 1291 alio
342 1252 442 1303 tempore
455 1250 523 1291 vertit
533 1262 557 1291 se
566 1250 682 1305 dyaconus
696 1262 748 1291 cum

34 1315 150 1357 sacerdote
164 1315 189 1355 in
202 1316 279 1356 missa.
291 1316 384 1357 Interim
393 1328 464 1368 quum
473 1314 555 1356 dicitur
570 1338 579 1344 -
586 1317 630 1356 Deo
644 1317 732 1368 pretias
739 1338 749 1345 -

34 1381 155 1430 cantando,
171 1372 251 1433 parent
265 1393 289 1422 se
303 1393 381 1422 omnes
396 1381 503 1430 ministri,
517 1383 584 1422 uteo
605 1381 683 1422 ordine
703 1393 748 1433 quo

35 1448 144 1487 venerant
167 1447 293 1487 sacristiam
315 1446 485 1500 ingrediantur,
509 1459 561 1488 cum
585 1446 748 1496 luminaribus,

36 1510 160 1559 thuribulo,
168 1510 227 1551 libro
237 1513 259 1552 et
268 1511 344 1561 calice,
355 1512 506 1563 manibusque
515 1511 637 1552 sacerdotis
650 1511 747 1563 plicatis,

36 1587 63 1617 ao
75 1576 200 1617 reverentia
211 1576 292 1618 multa.
307 1577 363 1618 Ecce
377 1577 419 1618 hee
433 1578 487 1618 sunt
501 1577 620 1618 cerimonia
633 1577 658 1617 in
671 1588 748 1629 vespe-

35 1639 76 1689 ris,
91 1639 204 1689 laudibus,
226 1640 301 1693 tercia,
324 1641 438 1693 missaque
458 1640 509 1681 festi
530 1640 627 1693 duplicis
648 1640 747 1690 maioris,

37 1705 62 1746 in
76 1705 176 1757 quolibet
190 1707 313 1760 conventu:
329 1705 374 1746 hiis
388 1706 469 1747 saltem
488 1705 616 1759 duplicibus
625 1705 749 1747 maioribus

37 1770 101 1811 festis
115 1770 220 1812 convenit
234 1771 359 1812 observare.

68 1970 128 2039 unu
142 1976 239 2019 nosris
253 1977 310 2028 Qun
325 1978 486 2020 PERTINENT
500 1978 540 2020 AD
554 1978 694 2020 PRIOREll.

287 2093 416 2125 GAPl'l'ULUbl
429 2095 500 2126 XXVII.

93 2224 120 2265 ln
134 2224 241 2265 omnibus
254 2223 318 2265 festis
331 2225 461 2276 duplicibus
477 2225 603 2278 majoribus
621 2225 711 2278 quando
724 2225 751 2266 fit

40 2301 92 2331 cum
106 2300 177 2342 cappa
190 2290 213 2330 et
225 2290 313 2342 paratu,
329 2289 427 2331 officium
440 2290 536 2344 pertinet
550 2291 579 2332 ad
588 2291 699 2340 abbatem,
714 2291 751 2332 vel

41 2355 145 2411 priorem,
161 2356 200 2395 aut
213 2354 263 2407 eJ'us
283 2354 358 2396 locum
375 2356 503 2398 tenentem:
519 2356 623 2409 precipue
636 2358 712 2398 tamen
725 2358 751 2399 in
