1560 2498
297 72 425 106 crimmum
438 74 483 105 mv
697 64 722 104 61

38 174 93 215 dum
115 173 217 225 regulam
240 173 338 225 capitulo
361 173 472 225 predicto,
494 173 516 213 et
537 172 614 213 statim
636 171 751 212 flectentes

38 249 113 291 genua
126 237 210 278 ibidem
223 238 337 278 modroum
357 239 433 287 orent;
455 237 536 278 deinde
556 238 651 289 surgant
672 238 753 277 euntes

38 303 63 343 in
77 302 194 344 ecelesiam
207 303 237 344 ad
250 303 321 344 altare
334 303 407 344 saneti
420 302 532 343 benedieti
546 304 599 343 ante
612 303 714 355 eriptam,
730 304 753 342 et

39 368 123 409 ibidem
136 368 218 409 iterum
232 369 296 409 orent
309 367 378 420 paulo
392 368 490 419 amplius
503 380 572 420 quam
581 368 655 420 prius;
671 367 753 409 deinde

40 434 176 483 osculentur,
192 436 214 475 et
227 434 292 475 detur
306 434 327 474 ei
341 432 444 473 osculum
457 433 531 485 paois;
547 433 628 474 deinde
641 434 753 475 ducantur

40 498 70 539 ad
82 497 214 550 capitulum,
230 498 252 539 et
264 496 353 549 legatur
366 507 442 537 eoram
455 496 488 537 eis
504 496 532 537 de
545 496 662 548 seripturis
674 498 755 538 hedifi-

17 612 20 617 ,
40 563 128 604 eatinis.
139 562 189 614 Quo
198 562 264 611 iacto,
275 562 425 614 interrogetur
439 573 506 614 super
520 573 612 603 oausam
626 562 662 603 sui
672 561 754 604 advenss

39 630 84 678 tus,
107 629 133 669 ut
153 627 278 669 seeundum
300 627 344 669 hoo
365 627 438 680 possit
457 628 553 669 traotare
576 638 652 669 coram
671 628 752 681 priore.

40 694 126 735 Deinde
139 695 240 746 surgant,
256 694 279 734 et
291 693 386 735 clericus
399 694 512 746 presentet
526 705 577 735 eum
598 693 688 735 cuidam
702 705 756 735 eon-

40 772 105 800 verso
119 759 227 812 magistro
240 759 368 812 hospitum:
384 761 406 800 et
418 759 511 801 clericus
521 761 598 801 statim
607 760 676 812 priori
686 760 757 813 signi-

40 824 91 865 tioet
111 825 139 865 de
160 836 237 865 eorum
258 825 372 877 presentia
392 826 414 865 et
435 824 551 878 qualitate,
568 826 594 866 ut
610 825 695 866 dietum
712 827 756 866 est.

40 890 179 931 Exhibeetur
188 890 221 930 eis
230 889 312 931 dehine
319 889 394 930 omnis
403 889 541 938 humanitas,
553 892 575 931 et
583 890 645 941 prior
653 891 757 931 comedat

41 965 93 994 oum
106 954 147 1002 eis,
159 954 182 995 ‚si
195 955 253 995 tales
267 954 314 994 sint
326 954 389 1006 quod
402 954 512 1006 expediat,
522 954 559 1012 vel
569 954 633 995 alteri
641 955 757 1006 iniungat„

42 1017 125 1059 Carnes
138 1019 215 1058 tamen
224 1018 257 1059 eis
267 1018 292 1058 in
301 1019 437 1059 monasterio
451 1030 498 1059 non
511 1018 600 1067 dentur,
615 1016 759 1070 quianullus

42 1095 112 1125 sanus
132 1083 198 1124 debet
218 1084 355 1125 manducare
376 1095 454 1125 earnes
472 1084 497 1124 in
516 1084 660 1133 monasterio,
682 1096 759 1136 neque

41 1150 104 1190 extra
117 1148 271 1190 infirmariam.

283 1292 321 1333 nn
342 1291 517 1344 nosrrrmus

297 1392 427 1423 CAPITULUM
440 1394 502 1424 XLVI.

97 1481 207 1523 Omnibus
220 1482 350 1534 hospitibus
363 1494 403 1534 per
416 1484 505 1523 nootem
518 1483 664 1524 manentibus
677 1484 702 1524 in
711 1496 759 1524 mo-

43 1546 150 1595 nasterio,
164 1546 230 1587 finito
244 1548 396 1599 completorio,
411 1548 479 1599 pedes
488 1548 593 1589 laventur
602 1549 630 1588 ab
643 1548 758 1598 omnibus,

44 1612 66 1651 et
79 1611 140 1663 prior
153 1611 190 1651 vel
204 1610 278 1652 senior
291 1613 371 1665 tergat,
386 1612 494 1653 fratribus
508 1612 638 1653 sedentibus
656 1612 759 1653 ordinate

9 1685 10 1688 ’
45 1677 67 1716 et
80 1676 171 1725 devote;
194 1677 246 1728 post
259 1688 341 1718 sonum
355 1677 501 1729 campanelle,
520 1678 581 1730 prior
597 1689 649 1719 oum
662 1678 757 1726 seniore,

45 1741 125 1783 deinde
146 1742 195 1782 bini
212 1744 234 1784 et
246 1742 296 1783 bini
317 1743 441 1785 seeundum
462 1744 563 1785 ordinem
584 1744 679 1796 quilibet
698 1743 759 1785 lavet

45 1808 165 1849 modicum.
188 1808 263 1849 Finita
280 1808 369 1850 looione
382 1810 405 1850 et
417 1809 522 1860 tersione,
540 1810 601 1863 prior
614 1810 677 1851 solus
694 1809 760 1850 'oseu-

45 1872 104 1914 letur
117 1873 196 1926 pedem
210 1874 290 1924 lotum,
307 1874 388 1916 deinde
401 1886 480 1916 omnes
493 1887 533 1928 per
547 1875 659 1925 ordinem3
682 1886 761 1916 seeun-

46 1938 100 1979 dum
113 1939 193 1991 pedem
206 1939 268 1992 prior
281 1940 344 1981 solus
358 1941 483 1989 osculetnr;
499 1942 519 1982 si
528 1954 581 1982 vero
592 1941 676 1982 fuerint
684 1941 760 1994 plnres

33 2003 158 2056 hospites,
180 2006 276 2056 possunt
296 2006 341 2046 duo
359 2007 451 2058 tergere.
473 2006 502 2046 Et
527 2007 593 2047 finita
610 2006 697 2047 loeione
714 2018 763 2046 om*

45 2068 110 2108 nium
119 2068 242 2120 hospitum,
251 2070 312 2121 prior
319 2082 371 2110 eum
381 2071 487 2111 omnibus
495 2071 603 2125 iratribus
613 2083 664 2111 oum
671 2082 763 2111 summa.

46 2133 168 2173 devooione
184 2135 206 2174 et
221 2135 346 2175 reverentia
361 2135 437 2175 fleotat
453 2147 527 2188 genua
541 2147 617 2176 eoram
632 2135 761 2187 hospitibus

47 2209 73 2238 ae
87 2197 107 2238 si
120 2208 196 2238 coram
210 2199 301 2248 christo,
317 2201 339 2240 et
351 2200 411 2241 dieat
424 2212 515 2241 versum
528 2223 538 2229 -
548 2201 691 2252 Suscepimus
706 2201 761 2240 deus

47 2264 227 2304 misericordiam
241 2265 316 2314 tuom,
327 2288 336 2294 -
349 2264 430 2307 deinde
444 2277 522 2306 omnes
532 2264 600 2306 simul
611 2264 762 2318 respondeant

47 2351 57 2360 ·
65 2330 95 2370 ln
108 2330 181 2370 pirodio
195 2331 279 2382 >templi
297 2332 337 2382 toi,
351 2354 362 2362 -
380 2331 539 2384 subiungendo
552 2356 561 2362 -
585 2332 665 2374 Gloria
675 2333 740 2385 putri·
753 2355 763 2362 -
