1554 2489
61 57 88 98 ln]
301 67 481 98 consumunruus

36 166 58 205 ct
81 166 170 217 accepto
191 164 220 205 ab
250 163 345 215 accolito
369 164 485 205 thuribulo
506 164 571 205 iuxta
591 177 616 205 se
635 165 747 213 flectente,

35 230 135 271 incenset
157 241 238 282 corpus
259 229 337 271 christi
351 229 463 270 elevatum
483 242 535 271 cuni
555 230 647 271 deinera
668 242 747 280 manu,

36 295 128 335 sinistra
150 306 200 335 vero
214 294 273 336 levet
290 294 415 347 planetam3
438 295 460 335 ct
473 294 532 336 facta
552 295 680 336 elevacione
701 290 749 336 cor-

36 360 97 412 poris
118 359 203 410 christi,
226 363 304 414 surgat
324 360 439 413 dyaconus
460 361 483 401 et
502 361 629 402 reverenter
649 360 748 413 deponat

36 425 152 480 custodem
166 425 193 467 de
207 425 282 476 calice,
298 428 320 467 et
333 426 429 468 reflexus
443 427 523 468 iterum
537 428 608 478 ponat
620 427 747 475 incensum,

36 490 130 531 accolito
144 491 235 532 interim
244 491 360 532 thuribulo
369 492 487 541 retinente,
498 492 519 533 et
529 492 622 544 accepto
629 490 747 533 thuribulo

37 556 91 597 (lum
105 556 228 598 callaicum
249 557 359 610 sanguine
379 557 459 598 christi
479 557 578 604 elevatur
599 557 700 599 incenset
720 559 747 598 ut

38 624 101 672 ante3
117 624 139 664 et
156 623 200 663 lroc
219 624 292 664 totum
312 622 352 663 fiat
373 635 401 663 ex
420 625 483 675 parte
504 623 595 665 dextera
617 623 747 664 sacerdotis.

38 688 201 742 Subdyaconus
209 691 308 742 tempore
317 689 452 731 elevacionis
458 690 556 731 tenendo
565 691 670 743 patenam
679 689 749 731 flectit

37 754 62 793 in
84 753 133 794 loco
156 765 197 794 suo
220 755 271 805 post
294 753 438 802 sacerdotem,
463 754 555 794 sinistra
577 766 647 795 manu
669 754 750 795 levans

37 818 194 871 planetamin
213 818 350 860 elevacione:
376 819 416 860 sed
435 820 487 871 post
507 819 657 860 elevacionen
671 820 748 860 statim

38 895 132 937 surgens
146 886 191 925 stat
204 886 230 925 ut
243 885 306 936 prins
320 884 371 925 aliis
380 884 486 925 iratribus
500 884 653 925 flectentibus:
668 879 750 937 dyaco-

37 962 82 992 nus
95 962 148 992 vero
161 953 286 992 reverenter
300 950 330 991 ad
342 963 412 1003 cornu
429 951 553 1001 sinistrum,
569 952 673 1003 cooperto
685 951 750 1002 prius

38 1015 114 1065 calice,
132 1017 154 1057 et
170 1016 239 1056 servit
255 1016 284 1057 ad
299 1011 389 1070 librum.
404 1016 432 1056 Et
447 1016 513 1068 (clarit)
532 1017 665 1068 perventum
682 1015 750 1056 tuerit

39 1082 68 1122 ad
87 1083 174 1123 -Pctar
194 1083 295 1132 1101111,-
309 1082 400 1123 accedat
420 1082 536 1134 dyaconus
557 1083 579 1122 et
599 1081 748 1134 discooperiat

38 1149 154 1199 patenam:
170 1148 279 1201 completa
292 1137 369 1188 ¹autern
387 1148 500 1189 dominica
520 1147 628 1197 oratione,
650 1147 749 1200 subdya-

38 1226 109 1255 conus
122 1214 230 1255 accedens
243 1214 318 1255 tradat
330 1215 437 1267 patenam
457 1214 566 1265 dyacono,
588 1216 611 1254 et
631 1214 748 1266 dyaconus

38 1280 159 1321 sacerdoti:
175 1280 220 1321 duo
229 1292 282 1321 vero
301 1280 389 1321 accoliti
403 1279 538 1332 complicant
551 1279 659 1320 tobaliam
673 1290 750 1331 accep-

39 1347 86 1385 tam
100 1344 127 1386 de
141 1344 241 1386 humeris
255 1344 394 1394 subdiaconi,
410 1346 432 1385 et
444 1347 542 1397 ponatur
556 1355 624 1397 super
636 1344 708 1385 altare
724 1344 749 1384 in

39 1410 131 1451 sinistro
154 1422 235 1451 cornu:
259 1408 376 1462 dyaconus
396 1412 472 1451 autem
494 1399 643 1462 discooperiat
662 1421 751 1461 semper

39 1475 131 1516 calicem
144 1475 199 1516 dnm
213 1476 305 1528 sanguis
320 1487 410 1528 corpore
424 1475 503 1516 christi
523 1475 632 1527 signatur,
654 1476 676 1516 et
696 1476 748 1527 post

40 1541 83 1583 boc
97 1541 216 1593 cooperiat.

89 1606 199 1649 Osculum
212 1608 288 1649 autem
300 1607 363 1659 pacis
377 1607 421 1648 hcc
434 1606 501 1648 modo
517 1607 593 1647 detur:
616 1605 748 1647 deosculato

39 1671 104 1711 altari
119 1683 133 1712 a
146 1672 266 1721 sacerdote,
282 1673 359 1713 statim
372 1672 488 1725 dyaconus
502 1671 580 1713 offerat
596 1671 640 1712 sibi
661 1682 749 1711 crucem

39 1735 75 1777 vel
83 1748 179 1788 yconam
188 1737 374 1787 deosculandam
392 1749 438 1789 qua
447 1737 555 1786 osculata,
573 1736 634 1777 dicat
645 1735 749 1776 sacerdos

38 1825 47 1831 -
52 1815 100 1853 pila
113 1803 208 1843 tecam.-
222 1802 249 1842 tlt
263 1803 311 1855 ipsc
323 1802 508 1855 respondeat-et
522 1815 573 1842 cram
587 1802 672 1853 spirita
685 1802 731 1840 tcto.
740 1822 749 1838 .-

38 1867 158 1919 Dyaconus
172 1868 302 1910 deosculata
316 1880 381 1909 cruce
394 1868 430 1908 vel
450 1879 530 1919 ycona,
554 1867 629 1908 tradat
652 1866 749 1918 subdya-

33 1944 102 1982 cono,
117 1933 157 1985 qui
171 1935 261 1986 accepta
275 1934 319 1975 sibi
332 1945 394 1987 pace,
408 1933 483 1975 tradat
497 1932 602 1974 accolito:
627 1932 669 1984 qui,
687 1925 750 1973 acco·

38 1998 93 2038 litus
106 1998 240 2048 immediate,
256 2011 303 2040 non
317 2000 408 2051 accepta
420 2010 482 2052 pace,
501 1998 575 2050 portet
596 1997 625 2037 ad
644 1996 748 2049 priorem.
772 2053 775 2056 ἢ

38 2062 124 2104 Deinde
141 2065 214 2116 portet
234 2064 314 2105 maiori
334 2064 360 2105 in
380 2064 455 2113 choro,
477 2064 500 2104 et
520 2074 570 2119 uno
587 2063 656 2103 choro
676 2061 749 2110 finito,

38 2128 112 2180 portet
125 2127 155 2168 ad
168 2127 238 2170 alium
252 2129 376 2169 secundum
390 2128 498 2169 ordinem.
513 2127 599 2168 Deinde
613 2128 686 2179 portet
697 2137 749 2167 can-

34 2193 134 2243 toribus,
150 2193 170 2234 si
184 2194 246 2234 stant
259 2194 288 2236 ad
301 2194 422 2247 pulpitum,
436 2195 473 2236 vel
491 2193 546 2234 alibi
567 2194 630 2233 extra
648 2193 749 2233 chorum.

38 2256 124 2298 Deinde
138 2257 175 2298 det
188 2257 347 2307 thuribulario,
362 2259 414 2310 post
427 2258 470 2298 hoc
483 2257 577 2309 recipiat
588 2257 636 2309 ipse
645 2257 668 2296 et
677 2255 752 2296 tradat

38 2321 134 2363 accolito
148 2333 197 2363 suo.
213 2314 343 2374 Numquam
351 2316 432 2363 'tamen
442 2321 546 2364 osculum
555 2321 617 2374 pacis
626 2320 753 2373 porrigatur
