1514 2492
296 73 326 104 An
340 72 457 121 Lauronem
687 74 711 104 xr

24 169 101 211 Abbas
115 169 245 210 monasterii
259 169 389 210 Scotorum:
405 170 441 209 Fr.
457 170 537 210 Petrus
551 170 579 210 de
592 169 689 209 Bararia
710 181 738 210 ex

24 234 168 283 Rosenheim‚
177 236 255 287 postea
262 235 326 275 Prior
335 234 476 275 Mellicensis:
488 235 524 275 Fr.
533 235 613 276 Petrus
621 234 649 275 de
656 235 738 275 Neuru-

24 300 96 351 burga
110 299 134 340 in
152 299 245 340 dustria
265 299 346 340 deinde
366 298 444 339 Abbas
465 299 532 340 Cellae
552 300 634 349 Mariae,
657 301 679 341 et
700 300 735 340 Fr.

24 364 110 418 Gaspar
124 365 151 405 de
165 364 267 406 Garsteu.
283 363 348 415 (Vide
362 363 444 404 Chron.
460 364 540 404 Mellic.
556 364 662 406 Nicolans
676 364 735 405 Abb.

23 429 132 471 llelliccn.
148 429 245 471 XXXII:
262 429 290 469 ab
305 440 366 469 anuo
381 428 434 469 1418
448 429 477 469 ad
489 441 542 477 ann.
554 429 618 470 iuno:
633 441 684 484 pag.
696 430 736 471 317

23 497 105 547 etseq.
120 496 177 537 Vide
198 495 288 536 Statuta
308 494 462 543 Sublacensia,
484 495 517 534 ibi
538 507 552 534 a
572 507 623 547 pag.
646 496 686 536 3020
706 496 736 536 ad

23 571 73 613 pag.
89 559 145 613 355).
160 560 193 600 De
207 558 296 599 colonia
310 558 442 600 Sublacensi
456 559 486 600 ad
495 559 657 600 lllonasterium
666 560 736 600 blelli-

23 637 89 667 ceuse
102 625 194 677 praefato
208 636 268 665 anno
290 625 409 674 destinata,
432 625 553 666 ononimus
574 637 664 678 quoque
684 625 737 667 Sco-

22 691 93 731 tensis
107 691 144 732 his
157 691 232 732 verbis
245 690 322 731 refert:
442 692 444 694 ’

77 771 88 792 «
101 755 169 797 Anno
182 756 227 796 Dni
236 755 403 798 MGCGCXVHI
413 758 513 808 tempore
522 755 617 797 Concilii
627 756 736 798 Constan-

23 837 34 859 ‹<
48 822 127 863 tiensis
142 824 164 863 et
177 822 267 862 llartini
281 822 355 875 Papae,
371 822 436 863 Dnus
450 823 557 863 Albertus
571 822 623 862 Dux
636 822 735 863 Austriae

23 887 126 928 «habito
141 888 240 929 Consilio
255 900 306 928 cum
320 888 430 940 Episcopo
445 887 540 940 Georgio
554 887 691 938 Pataviensi,
713 890 735 929 et

23 969 34 990 «
48 953 182 995 Ductoribus
196 954 266 994 huius
288 953 362 994 Almae
375 953 535 995 Universitatis
549 953 606 994 dixit
625 955 735 995 secretum

22 1033 34 1055 «
48 1030 122 1066 suurn,
134 1019 195 1070 quod
208 1018 341 1067 intenderet,
357 1020 383 1059 ut
396 1018 533 1059 blonasteria
546 1019 570 1058 in
585 1030 627 1059 sua
641 1019 733 1067 ditione,

22 1098 33 1119 ‹<
48 1094 98 1134 quae
121 1084 150 1124 ad
172 1083 298 1134 collapsum
320 1085 478 1135 pervenertmt,
502 1083 683 1124 reformarentur.
707 1084 735 1123 Et

21 1162 32 1183 ‹<
47 1158 102 1187 ecee
111 1147 205 1188 dubium
219 1147 262 1187 fuit
275 1148 315 1187 ubi
329 1147 480 1199 reperirentur
493 1148 580 1188 idoneae
593 1159 695 1199 personae
704 1148 734 1188 ad

21 1228 33 1250 «
46 1213 108 1253 hunc
121 1214 197 1263 linem,
213 1214 235 1254 et
248 1214 311 1254 venit
324 1213 416 1270 tandem
431 1213 460 1254 ad
473 1214 603 1255 memoriam
619 1214 734 1267 aliquibus

21 1294 32 1315 ‹<
46 1279 180 1320 Doctoribns
194 1279 222 1320 de
245 1279 553 1331 quibusdamAustralibus,
577 1280 616 1332 qui
637 1280 734 1321 condam

21 1359 32 1380 «
46 1344 83 1385 bie
97 1344 121 1384 in
135 1344 210 1385 studio
225 1345 342 1394 steterunt,
365 1346 387 1385 et
404 1355 432 1385 vse
452 1347 531 1397 postea
551 1345 581 1386 ad
600 1345 733 1399 religionem

21 1424 32 1446 «
46 1409 155 1450 dederunt
169 1410 199 1451 ad
212 1410 313 1463 bpecrror,
327 1411 367 1452 ubi
381 1410 403 1452 S.
419 1410 554 1452 Benedictus
569 1410 642 1452 factus
656 1411 733 1451 Mona-

20 1489 31 1510 «
46 1474 102 1515 chus
116 1486 130 1515 a
144 1475 165 1516 S.
181 1475 284 1515 Romano
298 1476 402 1516 habitum
416 1476 505 1528 recepit.
522 1476 558 1517 Sic
572 1478 594 1517 et
607 1476 646 1517 isti
660 1476 732 1517 secuti

20 1555 31 1576 «
46 1541 99 1580 sunt
113 1551 172 1590 eum,
188 1540 242 1592 (suia
255 1540 287 1580 ibi
300 1541 410 1594 regularis
431 1541 575 1582 observantia
595 1541 687 1594 rigeret,
710 1543 732 1583 et

20 1620 31 1640 «
45 1604 142 1646 maxime
156 1606 180 1645 in
190 1606 293 1655 Sublocu,
304 1606 343 1658 qui
352 1617 477 1657 numquam
486 1607 608 1646 recesserat
618 1607 646 1646 ab
657 1606 732 1647 obser-

20 1685 31 1707 ‹<
45 1670 130 1711 vanua.
146 1670 195 1722 Quo
209 1670 286 1711 audito
300 1671 420 1724 praedictus
433 1671 541 1724 Princeps
562 1671 632 1712 misit
644 1672 732 1725 legatos

20 1735 180 1787 «inpropriis
194 1736 298 1788 expensis
312 1736 342 1776 ad
360 1736 460 1788 Sporum,
475 1737 514 1788 qui
535 1737 671 1777 adducerent
692 1737 733 1776 ali-

20 1816 31 1837 «
46 1812 103 1852 quos
116 1800 195 1842 Patres
208 1812 248 1853 pro
262 1802 427 1842 reformatione.
443 1801 567 1854 Postquam
580 1802 731 1853 pervenerunt

13 1878 32 1904 μ«
46 1866 76 1906 ad
88 1866 170 1916 locum,
185 1869 322 1919 rogavertmt
336 1867 458 1907 Dominum
471 1867 584 1908 Abbatem
597 1868 620 1907 et
629 1866 732 1908 Conven-

20 1947 31 1969 «
45 1934 94 1973 tum
109 1944 136 1973 ex
149 1933 213 1985 parte
221 1932 295 1973 >Ducis
308 1932 406 1973 Austriae
420 1934 442 1973 et
455 1945 483 1974 ex
496 1934 560 1985 parte
581 1931 682 1981 Concilii‚
704 1933 731 1973 ut

20 2015 31 2036 «
45 1998 89 2054 sibi
102 1999 240 2039 remitterent
254 1998 342 2051 aliquos
356 1999 435 2039 Patres
447 2000 470 2039 et
479 1999 568 2040 Fratres
576 2010 617 2050 pro
625 1998 731 2039 reiorma-

20 2080 32 2101 «
45 2064 107 2105 tione
120 2064 221 2105 idoneos.
236 2064 264 2104 Et
277 2063 355 2105 Abbas
368 2066 503 2117 congregato
525 2063 628 2116 CapItulo
649 2063 730 2104 habuit

19 2147 30 2168 «
45 2130 164 2172 consilium
174 2131 284 2179 Fratrum,
295 2131 335 2183 qui
344 2130 436 2171 tandem
445 2131 608 2172 consenserunt
617 2130 730 2171 [manimi-

18 2212 29 2234 «
43 2198 77 2237 ter
91 2197 113 2237 et
126 2197 241 2249 elegerrmt
255 2198 340 2248 septem
353 2196 381 2237 de
390 2196 496 2237 Patribus
506 2197 528 2237 et
537 2195 660 2244 Fratribus,
672 2207 731 2247 quos

18 2261 112 2315 «legati
126 2262 239 2303 duxerunt
259 2261 331 2313 prImo
352 2261 382 2302 ad
402 2260 527 2303 Concilium
548 2260 728 2309 Constantiense,

19 2344 30 2365 e
45 2328 84 2369 ubi
98 2328 152 2369 data
161 2329 195 2369 est
204 2328 237 2369 eis
246 2328 368 2369 auctoritas
379 2327 408 2368 ad
416 2327 591 2368 reformandum.
601 2326 628 2367 Et
637 2326 729 2367 tandem
