1560 2498
212 132 214 135 v
274 98 402 129 clrrrunuu
418 100 449 128 nx
693 87 720 127 15

31 194 60 235 dc
83 194 181 244 domina,
206 195 233 236 de
256 196 334 236 sancto
357 195 477 235 Benedicta
501 196 522 235 et
546 194 573 235 dc
597 193 700 242 mortuis,
723 193 747 233 in

30 260 103 299 estate
126 258 244 301 lectionem
264 261 355 300 brevem
380 271 432 301 curn
456 271 497 300 suo
523 254 645 314 11111111
671 258 747 299 omnia

17 366 22 373 „
32 317 183 377 Responsoria
196 326 280 373 brevia,
292 327 314 366 et
330 326 525 375 -1111111111111111-
539 326 560 365 et
574 325 642 366 servit
655 324 758 381 cottidiev

32 391 62 431 ad
75 391 168 432 missam
182 391 354 433 conventualem
370 390 465 443 legendo
480 391 605 443 epistolam.
629 390 746 433 Secundus

32 457 140 498 accolitus
154 459 178 498 in
192 457 295 498 absentia
311 456 385 509 primi,
401 456 491 509 supplet
511 457 571 497 vices
585 457 610 497 in
632 457 745 505 omnibus,

32 524 55 563 et
68 523 159 576 qaiando
173 524 227 564 sunt
240 523 317 575 plurcs
331 522 400 563 misse
414 521 582 571 conventuales⁷
597 522 652 574 legit
665 523 746 574 episto-

32 589 86 639 lam,
102 590 125 629 et
137 589 205 641 servit
219 589 249 629 ad
263 589 385 629 secundani
399 589 499 637 missam,
511 589 569 629 sicut
578 588 602 628 in
612 588 706 629 sabbato
719 588 746 628 dc

33 654 125 694 domina
139 655 160 694 et
174 653 201 695 de
215 653 328 702 mortuis:
338 654 363 695 in
377 653 505 706 duplicibus
520 655 596 694 cantat
610 653 746 694 versiculum

32 732 84 760 cunr
98 720 170 771 primo
184 720 289 768 accolit0;
305 720 359 761 itcm
373 719 474 761 infestis
488 719 624 772 duplicibus,
649 713 747 760 semidu-

31 786 128 838 plicibus
143 788 164 827 et
178 786 298 835 dominica,
313 786 338 826 in
352 786 454 838 utrisque
475 786 574 838 vesperis
589 787 610 826 et
629 785 744 833 laudibus,

31 852 54 891 11
68 863 107 903 per
120 862 198 892 omnes
212 852 311 900 octavas,
327 851 369 892 sub
377 851 523 903 -ranpnificct
531 873 540 879 -
553 851 575 890 11
588 874 597 879 -
605 851 746 890 baracdictaa-

32 916 118 967 primns
132 915 240 957 accolitus
253 916 332 968 recipit
346 915 470 956 orationale
488 917 541 972 ante
562 915 745 956 ebdomadarium

32 992 84 1022 cunr
96 980 222 1021 reverentia
235 982 257 1021 et
270 981 335 1032 ponit
349 992 418 1032 supra
430 980 497 1031 legilc
511 980 564 1020 ante
573 979 657 1032 gradus
667 979 746 1020 altaris

31 1059 72 1099 pro
82 1047 194 1096 oratione3
203 1048 225 1087 et
234 1046 348 1088 sccundus
357 1046 466 1087 accolitus
474 1046 535 1087 levat
544 1046 657 1087 librumet
665 1045 731 1099 legile
737 1052 746 1086 :‘

31 1113 56 1153 in
66 1112 194 1164 duplicibus
208 1124 261 1153 vero
274 1112 335 1152 levat
348 1112 434 1164 primns
451 1112 566 1152 accolitus.
602 1168 610 1184 ι

268 1284 306 1325 Dc
325 1283 509 1326 crcNTORIBUS

295 1383 424 1414 CAPITULUM
438 1384 484 1413 XXI.

85 1497 193 1539 Cantores
207 1498 252 1538 duo
271 1509 310 1549 per
330 1497 479 1538 ebdomadam
500 1510 528 1538 eu
548 1498 627 1538 tabula
648 1499 745 1539 ordinati

31 1564 113 1616 regunt
127 1564 225 1614 cnorum,
234 1563 259 1603 in
268 1564 344 1612 cantu,
355 1574 452 1617 quorum
466 1563 553 1615 primus
566 1564 591 1603 in
600 1564 669 1604 choro
679 1564 747 1605 ebdo-

33 1628 135 1678 madarii‚
151 1628 263 1669 secundus
277 1640 317 1680 pro
332 1628 376 1669 alic
391 1629 459 1669 choro
469 1628 609 1669 distribuunt
620 1631 746 1685 reverenter

33 1694 169 1746 antiphonas
183 1705 222 1746 per
236 1693 338 1746 singulos
352 1693 438 1743 fratres,
454 1694 540 1735 honore
554 1706 578 1734 se
592 1695 746 1747 1111111111-

31 1759 156 1807 venientes,
171 1759 197 1799 ut
211 1758 265 1798 dicit
278 1758 359 1799 beatus
372 1758 504 1799 benedictus
518 1759 543 1799 in
564 1759 663 1811 capitulo
683 1771 745 1800 nxrn.

33 1823 116 1865 Cantor
139 1825 215 1864 autem
237 1824 323 1875 primns
345 1835 432 1876 semper
452 1824 518 1865 debet
539 1825 653 1876 previdere
673 1827 747 1866 totnni

33 1889 139 1937 officinm,
155 1901 184 1930 ne
198 1888 275 1941 aliqua
288 1889 359 1930 clavis
373 1891 472 1930 mutetur
486 1890 522 1930 vel
536 1890 639 1930 custodia
657 1893 745 1939 cantus,

33 1954 66 1994 ita
79 1954 140 2006 quod
149 1954 276 1995 vacillando
285 1966 333 1994 non
342 1954 422 1995 vadat:
439 1956 460 1995 et
469 1955 517 2006 ipse
527 1966 578 1995 cum
588 1955 746 1996 ebdomadario

33 2018 99 2059 debct
105 2019 220 2070 previdere
228 2020 249 2059 et
257 2018 367 2059 discutere
376 2020 478 2060 rubricas
488 2021 540 2074 ante
548 2019 646 2060 officium
654 2022 675 2061 et
683 2022 747 2061 extra

33 2084 134 2132 chorum,
149 2095 178 2124 ne
187 2083 213 2123 in
226 2084 294 2124 choro
308 2080 349 2124 fiat
357 2083 440 2136 aliquis
454 2095 514 2124 error
529 2086 551 2124 11
564 2085 688 2134 narsitano,
703 2097 747 2137 que

33 2150 109 2201 posset
123 2150 223 2189 astantes
237 2149 396 2190 scandalizare.
408 2149 490 2191 Cantor
500 2151 569 2203 igitur
578 2152 664 2202 primus
673 2152 698 2192 in
707 2152 748 2192 du-

32 2207 267 2266 plicibns‘maiorlbus⁷
279 2216 370 2267 qnando
380 2217 483 2257 cantatur
492 2217 565 2257 totum
575 2216 680 2266 officium,
689 2217 748 2259 invi-

34 2282 68 2321 tat
75 2280 157 2321 etfacit
164 2281 312 2322 reverentiam
320 2282 419 2322 secundo
427 2283 513 2323 cantori
521 2283 550 2323 ad
557 2294 632 2323 secum
640 2283 748 2336 incipien-
764 2331 766 2333 ,

29 2346 99 2387 dum:
115 2347 187 2398 primo
199 2347 223 2387 in
234 2346 336 2399 utrisque
347 2348 446 2400 vesperis
457 2350 509 2400 post
522 2348 620 2401 primum
634 2350 747 2401 psalmiun
