1560 2498
238 45 240 47 ’
300 48 428 79 carrrunmr
440 48 471 78 xv
694 38 718 77 m

32 144 115 186 Omnes
129 145 189 185 enim
202 141 297 197 professi
311 146 340 186 ad
353 151 466 186 summam
481 145 640 186 correctionem
657 156 744 185 morum

33 210 158 252 secundum
171 212 273 264 regulam
286 214 398 260 tenentur,
414 223 483 263 quam
497 211 517 251 si
531 210 582 262 quis
601 208 745 262 ignorarent,

32 277 112 328 utique
125 277 259 327 professioni
273 277 401 318 satisfacere
415 288 460 317 non
478 276 566 328 poterit.
582 276 657 316 Finita
670 275 747 327 regule

32 341 179 394 expositione,
191 343 210 383 si
220 342 298 394 aliqua
307 341 438 394 corrigenda
448 343 501 382 sunt
511 341 651 394 corrigantur
665 340 701 382 rel
710 352 747 393 ge-

31 408 137 456 neraliter
146 408 182 449 vel
191 408 324 460 specialiter.
336 407 360 449 Si
369 407 439 460 igitur
448 407 532 459 aliquis
542 407 686 460 corrigendus
700 407 747 448 iue-

32 473 62 514 rit
72 473 204 526 specialiter,
214 473 274 513 dieat
280 471 365 513 Aithas:
381 472 416 513 Tu
423 472 491 513 frater
498 472 524 512 N.
534 472 570 512 dic
577 474 639 512 tuam
647 472 744 524 culpam.

33 538 74 580 ille
83 540 159 579 autem
167 538 235 578 irater
245 549 295 579 cum
306 550 395 579 summa
402 537 531 578 humilitate
538 539 561 579 et
567 538 691 578 reverentia
699 549 747 578 sur-

31 615 95 656 gens,
106 603 246 655 discooperto
256 603 335 655 capite,
346 604 450 655 proiiciat
464 615 488 643 se
497 615 582 655 pronus
596 604 697 650 interra,
713 602 746 642 nil

32 668 123 721 penitus
137 668 221 710 dicens.
243 668 271 709 nt
284 669 345 721 prior
359 668 429 710 dicat:
446 668 501 720 quid
514 668 586 709 dicis?
604 667 747 719 Respondeat

32 734 100 774 irater
109 735 246 786 prostratus:
255 746 330 775 meam
340 735 436 787 eulpam.
447 735 512 775 Prior
521 734 585 775 dicit:
595 733 673 785 Surge.
684 733 747 775 Tunc

31 800 109 841 iussus
124 802 201 853 surgat
215 802 283 853 atque
297 800 357 841 [licat
371 800 461 853 culpam
475 812 546 849 suam,
557 800 576 840 si
590 799 694 840 conscius
704 800 744 848 est,

32 877 85 906 cum
98 865 226 906 humilitate
240 877 266 906 ac
279 866 452 918 compunctione
466 867 577 917 quantum
590 866 671 916 potest,
682 865 746 905 nullo

30 930 98 971 modo
112 930 251 972 defendendo
265 930 301 971 vel
315 930 434 984 litIgando,
449 930 530 981 necin
547 942 638 982 magno,
659 941 701 970 nec
722 930 746 970 in

31 1006 113 1047 parr03
129 997 151 1035 et
164 995 224 1036 dieto
239 996 303 1036 eoin
317 1007 362 1048 quo
376 995 478 1046 deliquit,
493 996 575 1036 iterum
585 1007 609 1035 se
622 996 747 1046 prosternet

32 1060 57 1100 in
69 1061 152 1101 terram
162 1061 187 1101 ut
196 1061 259 1113 prius
268 1060 302 1101 nil
315 1060 399 1109 dicens,
410 1060 515 1111 dicatque
524 1060 544 1100 ei
554 1060 625 1111 prior:
642 1058 701 1110 Quid
714 1059 747 1100 di-

32 1125 80 1165 cisi
94 1126 116 1165 et
138 1125 187 1166 ille:
203 1137 277 1166 meam
300 1126 401 1178 culpam;
418 1126 439 1166 et
460 1125 531 1177 prior:
548 1137 621 1177 sruge.
647 1124 746 1177 Smgens

33 1191 108 1230 autem
122 1191 166 1231 stet
174 1190 304 1239 inclinatus,
315 1191 348 1231 nil
358 1191 441 1232 dicens:
453 1193 507 1231 tunc
516 1191 577 1243 prior
586 1191 685 1242 increpet
694 1202 746 1231 euru

32 1267 84 1296 cum
98 1256 159 1296 ormri
174 1256 266 1297 caritate
280 1256 316 1297 vel
329 1257 403 1309 rigore
413 1256 537 1297 secundimr
554 1257 689 1308 aagendam
698 1268 747 1308 pcr-

32 1333 88 1361 sone
102 1323 123 1361 et
137 1321 209 1373 culpe,
225 1323 291 1374 prout
305 1321 415 1362 latissime
428 1322 491 1374 pater
505 1323 581 1362 noster
601 1321 746 1362 beatissimus

31 1385 167 1426 Benedictus
180 1386 205 1426 in
218 1386 297 1439 regula
310 1398 350 1439 per
363 1386 436 1427 multa
450 1386 514 1427 docet
535 1386 641 1438 capitula,
657 1389 747 1438 propter

33 1450 99 1501 quod?
107 1450 145 1491 hie
159 1451 300 1502 supersedeo,
315 1451 419 1492 videlicet
432 1464 446 1492 a
460 1451 559 1503 cerritulo
579 1463 636 1491 xrnr
650 1451 679 1491 ad
692 1464 745 1500 rara,

33 1515 55 1554 et
68 1525 114 1554 xmr
128 1526 200 1567 irsrpre
214 1515 243 1556 ad
256 1526 316 1555 var.
328 1516 351 1557 Si
365 1509 441 1556 autem
450 1516 518 1556 irater
528 1516 632 1556 conscius
646 1516 746 1556 sibinen
770 1531 773 1535 >

33 1578 106 1628 fuerit3
122 1579 182 1620 dicat
195 1580 256 1632 prior
269 1580 293 1621 id
307 1581 368 1632 quod
381 1580 424 1621 scit
437 1581 465 1621 de
479 1592 513 1629 eo,
529 1580 616 1621 dicens:
632 1582 658 1621 tu
674 1581 746 1621 iecisti

33 1645 77 1685 hoe
90 1645 126 1685 vel
139 1645 208 1686 illud:
224 1647 246 1686 et
259 1645 334 1695 irater,
352 1647 430 1687 audito
443 1647 523 1698 priore,
546 1647 624 1687 statim
644 1647 747 1698 proficiat

33 1721 57 1750 se
70 1709 95 1751 in
108 1711 198 1760 terram,
214 1711 272 1752 siout
286 1711 372 1752 dictum
385 1712 456 1764 prius.
472 1712 552 1752 lussus
562 1713 638 1752 auiem
647 1722 744 1764 surgere,

35 1772 113 1826 surgat
122 1776 144 1816 et
154 1776 174 1815 si
183 1787 236 1816 reus
246 1777 280 1817 est
289 1776 350 1817 dicat
364 1788 388 1817 se
398 1776 544 1829 culpabilem:
556 1777 593 1817 sin
602 1779 678 1817 autem
687 1777 748 1817 (licat

33 1839 109 1891 priori,
124 1839 161 1880 vel
175 1839 263 1880 abbati:
279 1841 412 1889 benedicite,
427 1842 501 1893 pater,
513 1843 535 1882 et
547 1841 629 1881 abbas:
640 1841 708 1882 Deus.
720 1841 755 1881 nt*

33 1902 83 1943 ille:
94 1903 168 1955 placet
177 1904 242 1945 rolris
251 1905 277 1945 ut
286 1905 359 1945 dicam
369 1917 441 1946 unum
450 1905 555 1946 verbum?
564 1908 586 1946 et
596 1906 615 1946 si
622 1906 748 1958 permiserit

33 1968 104 2008 abhas
118 1968 162 2008 sibi
176 1969 246 2021 loqui,
261 1969 368 2021 loquatur
382 1982 433 2011 cum
447 1982 536 2011 summa
556 1971 695 2019 humilitate3
711 1971 747 2011 sin

33 2034 116 2082 autem,
127 2045 174 2074 non
188 2035 271 2075 audeat
284 2035 409 2087 quidquam
423 2035 502 2084 dicere,
512 2035 551 2076 sed
561 2035 637 2076 sedeat
650 2036 675 2076 in
684 2047 745 2088 pace.

33 2098 61 2139 nt
75 2098 216 2140 strictissime
229 2101 333 2142 teneatur
346 2101 389 2142 iste
403 2101 484 2141 modus
498 2102 526 2142 de
547 2102 647 2142 dicendis
661 2102 745 2153 culpis3

34 2165 138 2204 teneatur
151 2164 176 2204 in
185 2165 247 2218 omni
257 2165 307 2206 loco
317 2166 385 2207 etiam
395 2167 458 2207 extra
468 2166 599 2218 capituliun,
610 2167 747 2219 ubicumque

35 2229 119 2281 aliquis
133 2230 258 2283 corrigitur,
273 2232 378 2285 precipue
392 2233 412 2273 si
428 2232 509 2273 uiderit
531 2233 630 2275 animum
652 2232 747 2275 senioris

36 2297 180 2345 commotum,
195 2296 260 2338 iuria
276 2298 411 2339 sententiam
424 2292 747 2351 111111111111611111111111111111)
