1560 2498
309 91 439 122 carmanum
453 92 485 121 vn
699 82 724 122 13

41 187 117 229 cubito
131 186 204 240 capud
217 188 369 240 appodiatum.
393 187 471 240 Cogita
484 189 507 229 te
520 200 567 229 non
581 189 655 229 solnm
676 201 766 237 coram,

40 253 155 303 iratribus,
169 253 291 294 sedetiam
304 265 380 294 coram
400 253 442 305 deo
463 246 485 295 et
505 254 592 307 angelis
613 255 662 296 eius
683 257 749 305 stare,

42 319 100 360 sicut
113 319 222 371 propheta
235 318 300 359 dicit:
311 320 460 371 prevenerunt
469 318 588 371 principes,
599 320 657 361 idest
667 320 749 373 angeli,

18 379 19 382 ’
33 384 155 425 'coniuncti
168 383 324 436 psallentibus.
339 382 367 422 nt
380 382 412 422 sis
426 382 536 423 sollicitus
550 383 579 424 ad
596 384 687 434 librum,
709 397 751 426 nec

40 448 162 500 aliquando
179 447 314 489 verecundia
334 448 373 487 aut
393 447 530 500 negligentia
548 448 636 498 ductus,
658 449 751 501 aliquod

40 514 133 555 verbum
146 513 302 566 pretermittas,
318 514 340 553 et
353 524 400 553 non
413 513 475 553 dicas
488 512 556 553 horas
569 514 622 554 tuas
642 514 749 556 solvendo

20 603 25 612 ·
40 578 188 631 prolationem
201 577 263 618 vocis
273 577 395 630 exterioris,
406 578 465 619 sieut
473 578 605 630 ypocriteet
612 579 748 631 versipelles,

40 644 68 684 de
81 643 164 695 quibus
178 642 321 694 conqueritur
334 641 439 683 dominus
452 654 492 694 per
504 643 638 694 prophetam
660 643 748 684 dicens:

40 708 137 760 populus
150 707 188 748 hio
200 706 268 748 labiis
281 720 317 748 me
330 708 434 756 honorat,
450 720 487 748 cor
501 708 576 748 autem
590 720 668 749 eorum
683 708 750 761 longe

40 775 74 815 est
87 786 102 814 a
121 785 164 814 me.
186 772 316 814 Cavendum
329 773 398 815 etiam
410 773 452 814 tibi
467 785 608 826 summopere
621 785 650 814 ne
663 774 750 826 aliquid

39 838 109 880 iacias
120 841 160 880 aut
169 838 231 880 dicas
240 839 324 880 ibidem
333 838 394 891 quod
403 838 460 879 alios
469 840 574 892 provocet
584 839 613 880 ad
621 838 747 889 ridendum,

39 906 94 958 quia
107 905 230 946 secundum
237 905 341 957 ysidorus
355 904 420 945 dicit:
436 905 514 945 nullus
527 905 620 946 habebit
634 917 750 948 accessum

39 970 69 1011 ad
82 967 282 1023 compunctionem,
297 969 338 1011 ubi
351 969 417 1010 inerit
438 970 474 1010 vel
494 970 596 1023 modicus
616 971 687 1019 risus3
710 971 750 1012 sed

38 1037 171 1078 iocundacio
184 1037 225 1077 tua
238 1037 268 1077 sit
281 1031 306 1077 in
324 1036 396 1085 ihesu,
412 1038 438 1076 ut
451 1035 569 1088 psallendo
584 1038 605 1077 et
619 1036 748 1078 meditando

38 1102 112 1155 possis
133 1102 205 1143 dicere
225 1114 277 1142 cum
296 1095 419 1155 ¹prophetat
435 1101 463 1142 Et
476 1103 542 1142 erunt
555 1103 581 1142 ut
595 1102 749 1154 complaceant

38 1168 128 1221 eloquia
141 1168 186 1210 oris
199 1168 250 1217 mei,
266 1169 288 1209 et
301 1167 417 1209 meditatio
431 1167 504 1208 cordis
518 1168 562 1209 mei
582 1168 606 1209 in
627 1170 748 1220 conspectu

38 1234 78 1274 tuo
91 1245 185 1286 semper.
200 1232 329 1285 Numquam
349 1232 402 1273 sine
418 1232 510 1273 licentia
530 1233 609 1273 sedeas
629 1233 654 1273 in
674 1233 748 1275 officio

38 1299 122 1349 divino,
136 1300 278 1351 preterquam
291 1299 316 1340 in
330 1298 402 1340 officio
416 1300 556 1339 mortuorum
569 1310 641 1351 usque
651 1298 680 1339 ad
688 1299 748 1351 psal·

36 1377 99 1406 mum
107 1388 117 1395 -
125 1366 227 1406 Laudato
240 1367 358 1406 dominum
379 1366 405 1405 de
418 1366 470 1405 cctts'
479 1387 488 1395 -
497 1365 520 1405 et
532 1365 557 1405 in
570 1365 677 1417 vesperis.
690 1377 748 1406 mor-

36 1431 127 1471 tuorum
141 1432 188 1472 ad·
196 1432 336 1483 Mopttrficot
346 1453 355 1461 -
364 1430 578 1483 In'quadragesima
591 1433 644 1471 ante
658 1424 748 1473 matut'-

36 1508 92 1537 num
114 1497 143 1537 ad
163 1496 291 1550 quindecim
311 1496 401 1550 gradus,
425 1496 523 1549 exceptis
546 1496 747 1538 omnibus-Pater

35 1564 111 1603 oasim
120 1565 159 1604 -et
172 1562 283 1612 versibus,
298 1565 321 1604 et
329 1563 359 1604 ad
367 1562 507 1615 propheciae,
518 1563 540 1603 et
549 1562 579 1603 ad
588 1562 633 1605 alia
642 1562 667 1603 in
676 1563 747 1604 missa

36 1628 138 1679 utsupra
151 1628 236 1668 dictum
250 1629 284 1668 est
297 1627 325 1668 de
338 1639 385 1667 non
403 1627 524 1679 appodiare
538 1638 563 1668 se
583 1627 608 1668 in
628 1627 708 1677 choro,
724 1630 746 1669 et

35 1689 67 1732 ad'
77 1691 184 1733 lectiones
197 1692 222 1732 in
235 1692 353 1741 matutino,
369 1692 467 1745 exceptis
480 1691 616 1745 lectionibus
633 1691 658 1733 in
674 1692 746 1734 officio

35 1756 137 1809 virginis,
152 1758 182 1798 ad
203 1769 261 1809 quas
280 1755 327 1798 non
347 1757 458 1808 sedemus.
480 1756 537 1798 Cum
558 1759 634 1798 autem
653 1759 746 1800 rentum

34 1822 101 1866 fuerit
114 1824 143 1864 ad
156 1823 270 1873 lectiones,
284 1824 353 1865 lector
366 1824 428 1876 petat
441 1823 620 1865 benedictionem
637 1823 746 1868 inclinato

34 1888 107 1940 capite
120 1900 198 1929 versus
212 1889 289 1938 altare,
304 1891 326 1930 et
335 1888 406 1929 abbas
415 1889 495 1929 sedens
509 1888 615 1929 mediocri
628 1900 682 1929 voce
695 1901 746 1932 eam

34 1953 114 1994 devote
136 1953 248 2003 conferat,
272 1955 356 2007 aliique
378 1953 485 1995 sedeant.
508 1953 545 1996 Ad
566 1953 744 1997 benedictionem

33 2020 109 2059 tamen
122 2020 239 2072 Evangelii
252 2032 330 2061 omnes
344 2021 411 2069 stent,
426 2019 497 2061 versis
511 2019 613 2061 vultibus
627 2019 656 2062 ad
665 2020 742 2062 altare.

33 2082 70 2126 Ad
82 2083 247 2125 absolutionem
260 2097 320 2135 vero,
331 2084 416 2126 scilicet
424 2107 433 2115 ·
442 2085 533 2126 licendi
542 2085 631 2125 domiue
640 2107 649 2125 -,
658 2085 680 2125 et
688 2106 698 2114 -
706 2086 744 2138 Ip-

33 2150 83 2189 sius
100 2151 174 2201 pietus
189 2152 230 2191 ·et
242 2153 279 2191 -Α
300 2151 644 2203 uinculispeccatoram-stent
665 2162 743 2191 omnes

34 2213 107 2263 erecti,
122 2214 223 2255 vultibus
237 2216 315 2256 contra
335 2227 360 2257 se
380 2226 393 2255 e
412 2215 503 2268 regione
523 2214 602 2255 versis,
623 2213 742 2255 Absolutio

33 2276 115 2319 dieitur
128 2278 153 2320 in
165 2281 220 2320 tono
234 2280 368 2329 orationum,
376 2279 413 2321 vad
425 2279 515 2321 tertiam
532 2278 557 2324 in
570 2279 644 2320 medio
657 2278 742 2321 seilicet

34 2343 178 2386 conducendo
191 2357 231 2398 per
243 2345 466 2390 fa-mi-re·fa-fa:
482 2346 504 2385 et
513 2344 591 2389 infine
599 2344 741 2389 terminando
