1560 2498
274 67 404 100 carnutum
417 66 473 98 XLIII

288 237 327 280 DE
340 235 481 280 SACRISTA

250 336 414 368 carmanum
437 336 521 367 xum.

47 465 49 468 ·
81 450 180 493 Sacrista
193 449 325 492 monasterii
345 439 414 490 hahet
434 448 534 490 officium
554 449 658 499 Antiatis,
679 450 745 492 iuxta

28 515 153 569 capitulum
172 525 241 557 mvn.
264 513 334 556 Gutus
356 524 411 555 cura
424 514 447 555 et
466 512 595 570 sollicitudo
616 514 682 556 dehet
695 526 745 557 esse

28 582 54 623 ut
67 570 100 623 sic
114 580 221 633 temperet
239 579 308 620 horas
322 578 397 631 operis
411 577 454 627 dei,
469 577 529 620 idest
542 577 614 620 divini
629 578 704 629 officii,
719 580 746 621 ut

28 645 111 689 debitis
124 644 187 688 horis
201 643 355 698 compleantur
374 643 458 686 omnia.
473 643 501 685 m
515 643 570 698 quia
583 644 678 686 sacrista
691 644 746 687 dici·

28 714 66 756 tur
79 712 106 755 111
128 723 243 754 sacrorum
256 712 340 762 custos,
351 707 392 753 'vel
406 711 483 753 custos
497 711 602 762 ecclesie3
618 711 669 754 ideo
683 712 746 754 omni

28 778 146 833 diligentia
160 778 181 820 ct
195 777 347 820 sollicitudine
361 789 388 820 ac
402 776 540 820 discrecionc
559 778 657 820 tractare
679 777 746 821 debet

29 844 150 888 commissa
170 844 221 895 sibi,
243 845 266 886 01
286 844 329 886 sub
350 855 393 886 sua
413 843 517 886 custodia
536 844 619 898 posita,
640 844 746 887 videlicet

14 962 20 966 ῃ
29 911 167 964 paramenta,
178 909 267 960 calices,
277 908 355 960 libros,
370 920 446 951 cereos
455 910 478 951 01
487 910 620 951 ornamenta
629 909 743 961 altarium,

29 977 55 1018 ut
75 976 167 1029 quando
186 975 268 1017 viderit
288 974 387 1035 aliquem
407 985 504 1028 parvum
524 974 643 1026 defectum,
668 976 745 1018 subito

29 1040 141 1083 emendat.
155 1041 183 1082 ut
199 1040 322 1083 luminaria
341 1039 435 1082 ecclesie
455 1039 567 1091 ordinare,
584 1051 616 1082 ac
636 1040 746 1084 lectiones

28 1118 70 1159 pro
86 1106 218 1157 matutinis;
241 1107 263 1148 ct
281 1106 338 1148 alios
360 1105 466 1148 officiales
475 1118 515 1160 per
533 1107 682 1149 ebdomadam
701 1108 746 1150 dis·

29 1181 119 1223 ponere,
135 1170 220 1213 scilicet
233 1170 424 1220 ebdomadarium,
440 1170 554 1221 accotttos,
570 1172 682 1222 cantores,
702 1173 744 1219 010,

29 1235 56 1275 111
78 1235 155 1276 omnia
177 1247 221 1288 que
237 1235 267 1276 ad
289 1235 376 1288 cultum
395 1234 499 1277 divinum
519 1235 632 1288 pertinent
641 1236 745 1279 ordinate

29 1300 181 1353 perficiantur.
198 1300 293 1350 Etideo,
313 1299 438 1341 secundum
455 1299 580 1354 capitulum
595 1301 673 1355 regula
690 1313 745 1344 1111111

30 1367 91 1409 beati
104 1366 175 1420 patris
184 1365 257 1407 nostri
264 1365 384 1415 benedicti,
395 1365 440 1406 sini
449 1367 471 1407 01
480 1365 532 1407 aliis
541 1366 623 1408 dentur
632 1366 747 1409 adiutoria

30 1434 53 1476 et
66 1432 157 1484 solacia,
173 1431 264 1486 quando
277 1430 387 1486 indigent,
402 1431 430 1474 ut
448 1431 525 1475 omnia
543 1432 669 1475 secundum
687 1444 747 1476 com·

22 1511 122 1543 munem
136 1497 322 1541 consuetudinem
333 1499 355 1539 01
368 1498 508 1540 ordinarium
526 1498 636 1551 sacristia,
654 1499 685 1541 ad
694 1511 747 1543 can-

30 1565 126 1608 tandum
148 1564 253 1615 officium,
275 1565 298 1606 et
317 1563 486 1607 ordinacionem
508 1564 615 1608 altarium
635 1566 700 1617 fiant,
724 1568 746 1611 01

31 1631 100 1674 ctiam
113 1630 238 1674 secundum
251 1629 372 1672 consilium
385 1630 474 1685 prioris.

286 1827 324 1869 Diu
336 1825 492 1869 VESTIARIO

261 1936 424 1967 GAPl'l'ULUM
437 1937 516 1968 XLIV.

86 2061 212 2103 Vestiarius
225 2062 295 2103 hahet
310 2061 431 2103 commissa
447 2062 491 2104 sibi
507 2055 599 2116 singula
614 2064 750 2107 uestimenta

33 2139 77 2180 que
91 2126 121 2168 ad
133 2139 202 2169 usum
214 2127 316 2177 fratrum,
337 2127 375 2170 vel
388 2139 416 2170 ex
436 2128 555 2179 vetustate,
570 2128 607 2171 vel
627 2129 682 2183 quia
701 2142 749 2174 uon

33 2191 143 2246 indigent
157 2191 194 2234 vel
210 2203 258 2234 non
273 2193 328 2234 sunt
343 2192 482 2243 necessaria3
498 2193 520 2235 et
536 2193 670 2237 vestimenta
685 2195 750 2238 novi·

34 2260 127 2310 ciorum,
142 2261 165 2301 01
184 2259 318 2313 generaliter
334 2271 378 2313 que
391 2260 421 2302 ad
441 2260 583 2307 vestiendum
600 2261 715 2315 pertinent
727 2265 750 2305 et

35 2325 188 2376 calciandum
210 2326 259 2381 ipsc
276 2326 345 2369 hahet
364 2325 407 2369 hec
427 2327 559 2381 gubernare,
581 2328 604 2370 01
624 2328 750 2373 secundum
