1560 2498
287 79 416 109 carloman
434 79 473 108 mn
698 68 724 108 at

35 172 141 212 omnibus
155 171 284 224 duplicibus
297 171 343 212 duo
352 171 447 211 Accoiiti
457 172 550 211 cantant
559 171 584 211 in
594 171 668 211 medio
678 170 753 219 chori,

34 238 58 277 et
71 237 96 277 in
108 236 183 277 triduo
198 239 250 277 ante
263 236 355 289 pascha,
371 238 393 276 et
406 236 431 276 111
445 236 517 277 officio
531 237 672 294 mortuorum
686 236 708 276 et
726 235 751 275 in

37 302 88 342 aliis
101 303 191 343 tautum
204 314 273 343 unus.
289 301 316 341 In
329 301 443 342 dominica
456 301 511 342 item
525 304 546 342 et
560 302 585 342 in
605 301 662 342 festo
686 300 752 341 semi-

36 367 121 420 duplici
134 369 183 408 tota
196 368 267 408 missa
280 366 326 407 duo
340 367 443 407 cantores
457 366 568 418 incipiunt
577 378 668 408 versum
683 366 751 407 etiam

36 433 62 474 111
74 434 181 486 vesperis,
197 434 219 474 et
227 444 319 473 versum
328 431 448 473 Gradualis
459 433 525 472 ambo
535 434 634 472 cantant.
644 432 752 474 Similiter

36 500 58 540 et
67 522 77 529 -
83 500 155 539 oculte
164 499 290 539 excitemus
297 520 307 526 -
314 498 336 538 et
344 509 424 538 versus
432 497 457 537 in
466 497 585 538 matutinis
591 499 647 549 ,post
660 508 752 549 respon-

36 565 97 605 soria
110 565 178 605 etiam
192 564 237 605 duo
261 564 360 612 cantant,
376 563 396 604 si
410 564 538 604 cantaretur
551 564 625 604 totum
641 563 749 604 officium:

37 630 114 670 omnia
134 629 180 670 alia
200 630 290 670 tantum
310 641 371 670 unus
392 629 470 669 cantor
491 630 568 670 cantat
589 629 705 678 accolitus,
715 628 752 669 vel

37 696 126 736 chorus.
141 695 169 735 Et
182 697 238 736 nota
251 695 313 747 qnod
325 694 405 736 uersus
419 695 586 736 distribuuntur
606 695 713 735 cantandi
727 694 752 735 111

37 761 155 802 matutinis
169 761 213 802 isto
227 761 305 802 modo:
321 773 412 802 versum
430 760 497 813 primi
517 761 655 813 responsorii
675 761 752 801 cantat

37 826 120 868 Cantor
133 826 264 879 principalis
278 838 329 867 cum
343 839 369 868 ec
384 827 423 879 qui
437 826 492 878 legit
506 827 552 867 iam
565 826 662 878 primam
675 826 752 867 lectio-

22 903 99 941 nem,
115 904 159 944 que
177 892 284 933 lectiones
306 904 319 931 a
339 892 467 933 iunioribus
488 891 615 944 incipiende
636 893 697 941 sunt,
719 892 752 931 ita

35 959 113 999 tamen
122 957 183 1010 quod
192 958 263 998 abbas
273 957 429 999 duodecimam
437 957 564 1010 lectionem.
573 957 659 998 Deinde
673 968 752 998 secun-

36 1024 91 1064 dum
104 1035 195 1064 versum
218 1025 311 1065 cantant
330 1025 396 1064 ambo
417 1021 453 1064 hii
472 1024 511 1076 qui
531 1024 610 1076 legunt
630 1023 749 1065 lectiones:

35 1090 128 1130 tertium
141 1101 194 1131 vero
208 1102 298 1130 versum
312 1092 405 1130 cantant
415 1090 528 1131 secundus
538 1091 559 1130 et
571 1090 649 1130 tertius
658 1090 749 1142 legens:

36 1156 149 1207 quartum,
164 1155 244 1196 tertius
258 1155 281 1196 et
294 1157 396 1207 quartus,
408 1156 430 1196 et
439 1155 472 1195 sic
481 1155 644 1207 consequenter
653 1155 681 1195 de
690 1154 749 1195 aliis.

36 1221 98 1262 idem
111 1221 152 1261 fiat
165 1220 193 1262 de
206 1221 310 1262 versibus
323 1221 439 1274 gradualis
467 1221 558 1273 quando
572 1221 678 1273 leguntur
701 1233 751 1273 pro-

35 1287 118 1339 phetie.
127 1310 136 1316 -
143 1287 243 1328 Alleluia
250 1311 259 1317 -
266 1287 387 1328 distribuat
395 1289 473 1328 cantor
480 1286 569 1328 duobus
579 1287 706 1336 senioribus
715 1287 751 1328 rel

36 1354 182 1406 subdyaconc
197 1356 219 1395 et
239 1354 349 1406 dyacono,
365 1355 384 1395 si
399 1355 445 1395 sint
463 1355 510 1407 apti
524 1356 546 1395 et
566 1354 679 1395 voluerint
700 1366 752 1395 can-

35 1420 94 1468 tare;
105 1431 189 1460 vversus
203 1420 318 1472 gradualis
333 1421 377 1461 et·
385 1421 496 1460 alleluia·
510 1420 685 1472 omnitempore
699 1432 751 1460 can-

35 1484 111 1524 tentur
132 1496 146 1523 a
166 1484 255 1525 duobus
278 1484 303 1524 111
326 1485 399 1525 medic
421 1485 495 1525 chori:
519 1485 610 1537 quando
631 1497 684 1526 vero
705 1485 750 1525 duo

33 1549 282 1606 -011011110-(11011111111,
297 1551 395 1602 primum
409 1550 490 1591 dicitur
504 1563 518 1590 a
532 1550 600 1591 choro
613 1551 687 1591 totum
699 1562 751 1591 cum

34 1626 77 1655 suo
103 1625 170 1655 versu
191 1615 250 1655 sicut
270 1615 328 1663 stat,
350 1615 471 1667 incipiente
491 1617 569 1656 tamen
590 1616 687 1664 cantore,
709 1627 751 1656 nec

35 1681 142 1739 repetitur
156 1682 209 1730 ante
222 1679 259 1721 vei
267 1682 319 1733 post
327 1682 571 1730 versum3secundum
579 1693 633 1722 vero
647 1683 751 1722 cantatur

35 1759 62 1787 eo
76 1747 143 1787 modo
157 1747 216 1798 sicut
229 1747 320 1799 quando
334 1760 406 1788 unum
421 1747 495 1788 solum
514 1749 625 1796 cantatur,
646 1748 751 1788 videlicet

35 1812 79 1852 sic:
95 1812 140 1852 duo
153 1811 233 1853 fratres
247 1812 359 1864 incipiunt
379 1813 492 1854 cantando
512 1825 585 1865 usque
606 1813 635 1853 ad
655 1825 751 1865 pausam

34 1877 124 1918 duabus
138 1877 233 1930 virgulis
247 1878 399 1930 designatam:
416 1878 497 1920 deinde
510 1880 593 1920 chorus
611 1878 655 1919 hoc
675 1879 751 1930 ipsum

34 1943 115 1995 repetit
129 1943 232 1984 addendo
246 1944 314 1984 etiam
328 1946 402 1985 totum
415 1935 502 1985 neuma·
512 1957 585 1997 usque
600 1944 629 1985 ad
646 1957 748 1985 versmn:

35 2009 95 2050 dicto
108 2021 162 2049 vero
175 2022 242 2051 versu
256 2022 295 2062 per
319 2011 377 2051 duos
398 2011 505 2067 seniores,
528 2012 580 2051 ante
600 2010 669 2052 finem
690 2011 751 2063 apud

34 2075 92 2116 duas
106 2074 214 2127 virgulas,
230 2075 312 2128 chorus
326 2076 390 2117 iuvat
404 2077 433 2117 ad
441 2076 521 2118 finem:
532 2076 567 2117 1111
576 2088 629 2117 vero
638 2077 750 2129 incipiunt

34 2164 44 2171 -
52 2141 164 2182 alleluia·
177 2153 250 2193 usque
264 2141 294 2182 ad
307 2142 398 2183 easdem
412 2142 470 2183 duas
483 2143 592 2195 turgulas,
608 2142 689 2183 deinde
698 2142 751 2183 cho-

32 2218 74 2247 rus
96 2218 180 2246 neuma
199 2208 274 2247 totum
293 2208 444 2260 prosequitur,
467 2209 487 2249 si
510 2220 557 2249 non
580 2208 610 2248 sit
632 2208 751 2259 sequentia

34 2271 154 2312 cantanda.
170 2271 194 2313 Si
207 2284 260 2313 uero
274 2272 311 2321 sit,
327 2285 354 2314 ea
366 2273 438 2322 finita,
454 2273 536 2314 dicitur
549 2273 678 2313 -cllclulc-
698 2284 750 2313 cum

35 2336 187 2389 reinceptione
199 2338 321 2378 neumatis.
335 2339 431 2379 Tractus
452 2340 474 2379 et
493 2338 612 2391 sequentia
630 2339 750 2379 cantantiu·
