1554 2489
52 79 79 119 44
292 89 474 121 cousuuruomus
503 92 504 95 ¹

73 269 111 310 DE
125 268 222 310 FESTIS
236 268 478 322 SEMIDUPLIGIBUS
491 268 527 309 ET
541 268 690 311 DOMINIGA.

276 363 404 394 clrrrmuu
426 364 488 394 1111111.
600 322 602 326 v

79 454 106 495 In
119 454 183 495 iestis
197 453 382 506 semiduplicibus
395 455 417 495 et
426 453 571 495 indominica
585 452 614 493 ad
625 464 738 506 vesperas,

26 520 172 570 matutinum,
186 520 288 572 primam,
299 519 391 560 terciam
401 520 493 560 sonetur
506 520 595 560 tantum
608 518 652 568 bis,
667 519 739 571 primo

27 598 79 627 cum
92 598 182 638 magne,
193 585 291 626 secundo
305 596 356 626 cum
370 585 453 637 parvis.
463 584 500 625 Ad
512 585 605 626 missam
614 587 693 626 -socct
730 606 740 615 -

27 652 49 692 et
67 650 97 691 ad
118 649 276 698 elevacionem,
291 649 475 690 maiorsouetur.
489 649 594 696 Infestis
612 649 740 701 semidupli-

27 715 91 756 cihus
105 716 146 756 etc.
157 716 230 754 totum
239 713 337 754 officium
345 713 371 753 iit
384 715 410 754 ut
425 714 451 754 in
464 713 593 766 duplicibus
606 714 738 763 minoribus,
765 758 767 761 ,

27 782 119 833 excepto
140 779 201 832 quod
221 779 344 834 antiphone
364 790 411 819 non
430 778 581 831 duplicantur,
603 781 625 820 et
646 780 741 833 quilibet

27 846 105 886 cantor
112 844 175 885 solus
182 843 261 896 incipit
271 843 407 896 antiphonas
416 844 438 884 et
444 841 476 901 R).
485 843 515 884 ad
523 855 639 897 vesperas:
650 856 741 886 versum

28 909 95 950 ambo
109 908 192 950 simul:
216 907 324 949 accolitus
337 907 400 949 solus
413 908 537 949 versiculos
550 908 575 949 in
587 908 637 950 loco
652 921 700 958 suo,
719 910 741 950 et

7 1023 9 1026 v
28 972 60 1032 R)
80 974 158 1015 brevia
180 975 202 1016 et
219 975 426 1024 -Bececltccmuc;-
447 973 506 1014 fiunt
518 974 742 1016 commemorationes

29 1041 143 1089 consuete,
164 1038 248 1080 scilicet
262 1038 289 1079 de
302 1038 425 1091 Apostolis,
440 1040 481 1080 etc.
504 1037 608 1080 Officium
621 1039 649 1080 de
662 1041 741 1080 sancto

29 1104 146 1146 benedicto
161 1104 250 1153 dicium,
265 1104 293 1144 de
309 1104 404 1145 mortuis
422 1115 469 1144 non
487 1103 575 1144 dicitur.
594 1103 631 1145 Ad
648 1104 741 1145 missam

30 1169 76 1211 duo
90 1172 193 1211 cantores
211 1171 233 1211 et
249 1170 294 1212 duo
313 1169 408 1219 accolit13
428 1171 450 1210 et
468 1169 536 1210 datur
554 1170 672 1212 incensum
690 1171 742 1223 post

29 1234 174 1275 offertorium.
184 1234 221 1275 Ad
238 1246 350 1287 vesperas,
370 1234 399 1275 ad
416 1257 426 1263 -
435 1234 497 1275 soloe
506 1236 587 1286 reptos
596 1235 665 1287 -post
683 1246 742 1275 com-

30 1300 160 1351 pletorium,
180 1302 202 1342 et
221 1300 250 1341 ad
267 1300 346 1341 laudes
364 1300 408 1341 due
426 1300 525 1341 candele.
545 1300 652 1341 Similiter
669 1300 695 1341 fit
712 1300 742 1341 ed

31 1364 125 1405 missam
138 1364 197 1405 inira
210 1366 309 1414 octavas,
328 1365 420 1416 excepto
434 1364 495 1416 quod
510 1376 557 1405 non
570 1354 700 1405 incensatur
713 1365 742 1406 ad

31 1428 124 1470 missam
133 1430 155 1470 et
165 1441 212 1470 non
225 1430 340 1481 ponuntur
354 1429 457 1478 candele;
472 1429 497 1469 iu
508 1430 588 1470 octava
600 1441 653 1470 vero
667 1429 704 1470 die
715 1430 742 1470 fit

30 1495 103 1537 tolum
117 1495 176 1537 sicut
189 1496 214 1536 in
228 1495 374 1548 semiduplici.
390 1495 451 1537 Inire
464 1497 556 1543 octavas
572 1497 665 1536 sonatur
683 1495 742 1537 sicut

30 1563 55 1603 in
74 1561 220 1614 simplicibus:
241 1562 463 1603 commemorationes
481 1562 594 1610 consuete,
614 1561 699 1603 scilicet
714 1561 742 1602 de

30 1627 145 1680 Apostolis
159 1629 209 1677 eto,
225 1629 247 1669 et
260 1627 358 1669 officium
371 1627 444 1669 sancti
453 1627 621 1669 benedictinum
636 1628 743 1669 dicuntur

30 1693 89 1734 inira
99 1695 196 1734 octavas.
208 1693 268 1734 Infra
278 1694 380 1734 octavam
389 1704 442 1734 vero
449 1693 522 1734 sancti
529 1693 641 1735 benedicti
648 1695 744 1734 sonatur

33 1769 117 1810 magna
131 1769 240 1810 campane
254 1758 283 1799 ad
292 1758 391 1807 missum,
406 1759 428 1799 et
442 1757 571 1799 incensatur
585 1758 615 1798 ad
627 1758 728 1800 missam.
751 1750 753 1752 ¹

145 1900 186 1941 ΒΕ
209 1871 575 1942 FESTISSIMPLIGIBUS
595 1900 637 1941 ΕΤ
712 1953 716 1964 ¹

214 1971 252 2012 DE
262 1970 360 2019 Firmis,
365 1970 437 2013 POST
446 1970 561 2023 PASGHA

126 2054 161 2095 ΕΤ
182 2054 219 2095 ΒΕ
240 2054 337 2096 iussis
358 2053 652 2098 COMMEMORATIONUM

290 2153 418 2185 CAPITULUM
431 2155 484 2185 111111.

86 2269 113 2309 In
126 2268 189 2310 iestis
202 2268 343 2321 simplicibus
356 2269 416 2310 etin
429 2269 490 2311 feriis
508 2269 654 2321 paschalibus
671 2281 744 2322 usque
761 2310 764 2333 s

34 2334 63 2375 ad
78 2337 179 2376 octavam
194 2335 349 2389 penthecostes
359 2337 450 2378 sonetur
464 2336 542 2378 eodem
551 2336 618 2377 modo
628 2335 657 2378 ad
666 2347 744 2379 omnes
