1560 2498
235 130 236 133 ,
300 83 437 151 0111111111
450 105 475 133 11
711 93 727 143 1ι

36 202 165 255 quidquam
179 198 219 242 a'ut
232 201 312 254 queuis
326 193 432 248 clausura
444 201 560 253 presumat
573 200 655 249 101010,
670 201 697 240 ut
710 200 754 240 1100

35 264 124 308 'vicium
137 267 279 319 proprietatis
299 262 390 319 penitus
404 266 535 307 eradicetur,
558 265 663 317 Sciatque
675 265 753 306 Abbas

35 331 96 385 *quid
108 331 193 384 dederit
207 333 247 374 aut
260 325 461 385 quid'permiserit.
476 331 566 374 Fratres,
585 331 653 372 etiam
667 331 694 372 de
708 330 754 371 hiis

34 409 84 450 oue
97 397 198 449 permisit
211 398 278 439 breve
291 393 383 438 teneant
396 396 425 437 de
438 407 508 436 manu
522 395 617 437 Abbatis
631 397 751 450 signatam,

36 475 68 503 ex
81 474 126 515 quo
140 462 198 504 clare
212 463 299 515 ipsese
312 462 394 514 poterit
407 461 538 502 informare:
554 473 598 513 que
607 461 684 503 cedule
697 463 753 503 tem-

36 539 93 579 pore
106 539 148 568 suo
161 528 246 568 Abbati
259 527 415 579 presentande,
430 527 455 567 in
468 526 558 566 duobus
572 525 657 573 scil-icet
670 528 753 568 mensi-

38 593 82 633 bus
97 592 173 643 semel,
188 592 224 634 vel
238 593 305 645 prout
318 591 465 633 mandaverit.
485 583 577 632 ¹Omnes
586 592 662 635 autem
675 604 752 633 mona-

36 658 387 707 chorumcommunesofficiue,
409 657 512 698 videlicet
533 657 689 713 dormitorium
709 660 750 699 etc.
775 652 779 656 ’

30 723 94 764 ,adeo
102 723 204 765 ordinate
213 724 259 764 sint
269 713 320 764 cum
329 723 414 763 tabulis
424 724 446 763 et
456 722 507 763 aliis
515 722 627 763 clausuris
636 724 752 775 portarum

36 790 61 830 et
74 788 221 830 fenestrarum
235 790 260 831 et
271 789 358 830 cunctis
374 788 514 841 opportunis,
530 788 638 841 quatinus
655 788 704 830 ulla
717 801 753 830 oc·

35 854 98 895 casio
112 854 167 895 iusti
180 855 302 895 murmuris
312 866 376 895 servo
391 854 427 894 dei
435 854 556 902 tribuatur,
572 855 594 894 et
603 854 677 895 omnis
692 854 752 895 aufe·

37 920 100 960 ratur
113 920 254 961 necessitatis
268 919 364 968 occasio,
379 919 443 959 iuxta
456 918 525 959 finem
533 918 636 959 eiusdem
648 919 750 972 capituli.

21 1019 23 1022 .
37 985 95 1026 Nota
109 985 170 1037 quod
183 987 276 1027 sanctus
293 984 428 1025 Benedictus
442 984 467 1024 in
487 984 586 1040 predicto
610 985 709 1037 capitulo
722 997 752 1025 nv

36 1061 76 1102 pro
90 1049 247 1091 instrumentis
261 1050 370 1090 lectorum
390 1049 462 1089 utitur
475 1049 521 1089 hiis
537 1048 676 1099 nominihus,
691 1050 752 1090 vide-

36 1115 98 1156 licet:
118 1116 196 1165 matta,
212 1127 300 1168 sagum,
323 1114 382 1164 lena,
399 1113 505 1166 capitale:
527 1126 573 1167 que
586 1114 680 1155 nomina
700 1115 752 1156 Ber-

35 1180 121 1220 nardus
125 1180 266 1221 Venerabilis
277 1180 418 1221 Cassinensis
426 1180 499 1219 abbas
508 1179 541 1219 sic
549 1180 648 1231 esponit:
658 1180 749 1232 Sagum⁷

34 1256 75 1297 pro
89 1256 154 1286 sacco
164 1247 264 1287 stramen
273 1246 313 1286 aut
322 1244 386 1285 aliud
394 1244 525 1285 huiusmodi
535 1244 670 1286 continente:
680 1246 752 1286 matta

35 1322 88 1358 vero
99 1322 142 1363 pro
155 1310 234 1364 iystro,
249 1323 290 1352 seu
303 1314 380 1363 panno
392 1310 445 1351 albo
470 1310 536 1351 laneo
550 1322 636 1363 grosso,
652 1311 691 1363 qui
704 1323 750 1352 non

36 1376 65 1416 sit
76 1377 169 1428 propter
182 1377 310 1425 molliciem,
326 1376 366 1417 sed
378 1377 468 1428 propter
481 1376 571 1428 frigoris
588 1377 752 1428 repressionem

18 1441 63 1496 ¹de
77 1441 157 1482 subtus
178 1442 347 1483 ascendentem:
366 1441 426 1498 lena,
448 1441 640 1500 cooperimentum
660 1442 751 1483 laneum

16 1513 18 1516 ’
32 1506 123 1559 frigoris
136 1508 297 1560 repressirmm:
312 1507 409 1559 capitale
428 1519 481 1548 vero
502 1507 563 1559 quod
580 1507 649 1560 capiti
669 1508 751 1560 subpo—

32 1571 104 1622 nitur,
119 1571 168 1615 sive
180 1573 210 1614 sit
223 1572 277 1613 lana
290 1572 417 1625 impletum
431 1573 479 1613 siue
493 1572 537 1613 alio
547 1572 686 1615 huiusmodi.

166 1769 204 1819 DE
219 1769 373 1812 SURGENDO
387 1769 426 1811 AD
437 1769 616 1812 MATUTINUM

307 1881 436 1912 GAPITULUM
449 1882 480 1912 IV.

86 2017 118 2060 De
132 2018 189 2059 hora
197 2019 327 2060 matutinali
340 2031 424 2072 magna
433 2019 551 2072 diligentia
564 2019 696 2062 adhibenda
707 2021 752 2069 est

31 2084 86 2136 quia
95 2083 147 2125 inde
157 2085 266 2138 dependet
273 2087 347 2126 totum
354 2085 452 2126 officium
461 2085 564 2135 divinum
571 2086 594 2126 et
601 2085 669 2129 eiiam
676 2085 754 2139 dispo--

31 2149 84 2189 sitio
92 2149 174 2191 domus
184 2163 229 2202 quo
239 2151 269 2192 ad
278 2151 383 2192 exercitia
392 2149 506 2203 deputata.
517 2151 545 2191 m
554 2151 605 2193 ideo
614 2151 640 2194 in
646 2153 716 2192 estate
724 2153 750 2192 ut

30 2213 131 2266 predicta
144 2215 246 2257 ordinate
266 2217 289 2257 et
302 2217 426 2258 secundum
446 2216 548 2269 reguiam
568 2216 625 2259 fiam
644 2217 750 2257 iuramus

31 2281 120 2321 noctem
133 2292 172 2333 per
192 2281 345 2334 prolixitatem
358 2282 410 2332 diei,
433 2283 455 2323 et
476 2282 501 2322 in
514 2282 599 2334 hyeme
615 2281 748 2323 brevitatem

30 2345 75 2387 diei
90 2357 129 2400 per
142 2347 295 2398 prolixitatem
315 2348 397 2392 noctis.
413 2348 441 2392 Et
456 2348 489 2389 ita
509 2360 563 2389 cum.
583 2349 653 2400 ponat
668 2347 750 2392 beatus
