1560 2498
297 73 425 126 cnrrrunnn
438 96 470 125 rv.
700 85 714 124 9
738 107 740 111 =

18 243 20 245 ,
30 191 86 245 pleri
95 192 190 244 possint.
206 191 266 232 lutra
275 192 336 243 quod
349 193 438 243 tempus
447 191 532 243 singuli
541 191 620 231 iratres
634 191 670 231 vel
680 192 741 243 apud

30 257 100 297 lectos
114 257 153 296 aut
162 256 187 296 in
196 256 294 297 ecclesia
303 255 347 297 sihi
360 257 448 305 vacent,
459 257 485 296 ut
498 255 627 297 dictumest
639 256 703 307 prius
713 256 740 296 de

29 323 129 374 tempore
136 322 187 373 post
194 321 371 374 completorium
380 322 402 361 et
409 320 552 373 singulariter
559 322 637 373 petant
644 321 742 373 gratiam

15 431 16 434 ,
29 386 158 427 devocionis
167 386 192 426 in
205 385 283 427 divino
293 384 368 426 officio.
379 385 423 425 sibi
432 385 488 433 dari,
499 396 525 426 ac
534 386 583 425 tota
591 386 627 426 die
637 386 741 438 sequenti

30 451 59 491 ab
73 451 134 492 omni
148 451 210 504 quod
223 452 301 492 contra
314 450 380 490 deum
395 451 429 490 est
443 450 558 499 custodiri,
574 450 638 491 inita
651 452 741 492 seuten-

29 515 85 556 tiam
99 516 171 556 sancti
184 514 296 556 benedicti
310 515 335 555 in
347 514 458 566 principio
467 514 563 567 prologi,
579 515 619 555 uhi
633 517 685 556 ante
694 527 741 555 om-

28 581 68 622 nia
81 582 157 622 monet
171 579 262 632 singula
275 579 363 633 agenda
376 579 455 621 debere
465 579 605 620 orationibus
619 580 738 632 preveniri

28 646 85 688 etin
105 646 150 687 fine
163 645 270 694 eiusdem,
293 645 332 687 ubi
346 646 422 686 monet
445 644 610 697 deprecandum
626 644 693 686 deum
715 647 741 686 ut

27 712 90 763 quod
102 711 169 751 nohis
182 711 264 752 natine
277 711 352 763 negat,
368 722 410 752 sua
423 710 490 766 nohis
499 709 603 762 dignetur
617 710 690 762 gratia
702 710 742 750 tri-

28 777 107 817 buere:
122 775 196 828 parati
205 775 295 828 sintque
304 776 383 827 tratres
392 775 422 816 ad
435 775 559 816 secundum
569 774 667 828 signum,
677 775 742 816 iuxta

27 840 153 893 capitulum
166 851 243 890 xuvm,
265 840 327 893 quod
347 840 437 894 signum
457 840 497 881 liat
517 840 542 881 in
561 840 603 881 tali
623 852 693 890 mora,
715 842 741 881 ut

29 907 88 948 infra
100 907 175 959 ipsum
188 906 290 954 honeste,
305 906 354 948 sine
367 917 435 947 cursu
449 905 544 955 scurrili,
563 905 591 946 de
611 905 741 947 dormitorio

27 972 101 1026 possit
113 970 141 1011 iri
155 966 227 1023 usque
241 971 270 1011 ad
283 971 384 1020 chorum,
399 970 436 1011 vel
444 970 536 1019 ,modice
549 970 654 1026 amplius,
677 971 741 1011 inita

28 1048 77 1079 xxu
91 1036 226 1089 capitulum
242 1036 281 1084 ita,
293 1035 403 1088 completo
411 1036 487 1088 pulsu,
503 1029 587 1089 singuli
596 1035 642 1076 sint
651 1035 676 1076 in
685 1035 741 1078 locis

27 1101 84 1143 suis.
100 1102 127 1142 ut
140 1102 229 1142 dicatur.
240 1100 301 1141 trina
318 1101 390 1142 oratio
411 1100 440 1141 ad
460 1099 552 1142 modum
572 1100 635 1153 prius
655 1101 741 1141 dictum

28 1168 80 1221 post
94 1166 270 1220 completorium,
285 1167 308 1207 et
321 1166 380 1207 tacta
392 1166 517 1214 reverentia
534 1165 646 1219 profunda
665 1178 741 1207 coram

27 1231 102 1282 altari,
117 1231 202 1285 singuli
215 1231 300 1282 vadant
313 1231 343 1272 ad
362 1231 412 1272 loca
433 1243 481 1273 sua.
504 1230 643 1283 Incipiatque
662 1231 746 1272 Abhas

27 1297 100 1340 lacere
120 1296 227 1350 signum,
251 1299 372 1350 postquam
394 1308 472 1337 omnes
494 1295 574 1337 iratres
600 1296 668 1337 locati
694 1296 741 1337 tne-

27 1362 85 1404 rint:
101 1373 146 1414 quo
160 1362 225 1414 signo
239 1362 305 1412 lacto,
320 1361 414 1414 incipiat
422 1361 741 1403 ebdomadariusmatutinum

26 1427 56 1468 de
72 1428 153 1468 saneta
165 1426 243 1476 Maria,
258 1427 278 1467 si
292 1426 412 1467 dicendum
425 1427 462 1476 sit,
477 1426 591 1467 submissa
604 1438 658 1467 voce
672 1426 739 1476 satis;

28 1504 55 1532 ac
68 1493 158 1533 demum
179 1492 330 1543 subsequatur
350 1491 487 1532 matutinum
508 1491 552 1532 diei
572 1491 684 1532 cantando
704 1492 741 1532 vel

27 1557 129 1609 legendo,
143 1558 210 1610 prout
231 1556 300 1609 exiglt
320 1568 428 1597 numerus
448 1556 542 1602 flatrum
563 1556 585 1596 et
606 1555 740 1597 sufficientia

26 1633 180 1676 personarum.
203 1622 277 1662 Finito
293 1645 302 1652 -
316 1622 382 1663 Solve
402 1624 482 1673 regino
495 1643 505 1650 -
518 1622 570 1673 post
592 1621 738 1671 matutinum,

27 1687 115 1736 iterum,
130 1687 197 1727 inodo
211 1688 233 1727 et
246 1686 324 1727 ordine
338 1698 383 1739 quo
397 1697 473 1738 supra,
488 1685 565 1727 dicant
587 1686 671 1727 trinam
692 1698 740 1726 ora-

27 1752 119 1801 tionem,
139 1752 224 1805 absque
244 1752 288 1792 hoc
308 1751 370 1804 quod
389 1763 436 1792 non
456 1751 522 1792 datur
543 1763 603 1803 aqua
623 1752 741 1793 benedicta

27 1816 72 1858 nisi
86 1818 137 1870 post
151 1816 327 1869 completorium.
342 1816 370 1857 ut
383 1816 464 1858 deinde
477 1817 536 1857 facta
549 1817 661 1869 profunda
680 1829 741 1858 reve-

27 1883 100 1923 rentia
113 1878 188 1922 ceram
202 1881 275 1931 altari,
287 1893 365 1922 omnes
374 1881 457 1935 pariter
466 1884 547 1933 exeant
556 1883 622 1923 modo
632 1883 738 1934 predicto,

27 1946 131 1988 uidelicet
143 1948 195 1999 post
209 1946 385 1999 completorium,
401 1947 465 2004 iuxta
478 1958 508 1988 uu
518 1947 649 1999 capitulum.
660 1948 741 1989 Forma

26 2013 103 2054 autem
116 2011 188 2052 divini
201 2012 268 2052 officii
285 2012 325 2051 fiat
345 2012 469 2052 secundum
489 2013 590 2065 regulam
611 2013 639 2052 al]
660 2014 740 2054 octavo

26 2075 125 2128 capitulo
139 2087 212 2128 usque
232 2076 262 2117 ad
281 2075 413 2117 vicesimum
434 2075 551 2126 inclusive,
575 2079 597 2118 et
620 2077 740 2119 cerimonie

26 2143 98 2182 cetere
111 2142 158 2182 tam
176 2141 201 2181 in
221 2141 293 2183 officio
314 2141 492 2183 divinodiurno
513 2142 562 2183 sive
581 2144 692 2184 nocturno
713 2155 739 2185 ac

27 2206 110 2256 missis,
124 2205 210 2247 tamin
223 2206 284 2247 feriis
298 2218 367 2259 quam
380 2207 406 2255 in
418 2206 481 2248 festis
490 2207 614 2249 maioribus
623 2207 659 2249 vel
668 2208 740 2248 mino-

28 2271 98 2322 rihus,
109 2271 297 2322 fiantsecundum
306 2271 439 2313 cerimonias
447 2272 478 2313 ad
486 2272 529 2330 lioc
537 2272 603 2325 plene
612 2273 738 2315 ordinatas:

28 2348 73 2391 quc
81 2336 140 2391 quia
153 2336 245 2379 maioris
258 2338 312 2378 sunt
326 2337 470 2387 continentie,
483 2329 523 2379 'hic
537 2330 650 2379 abbren‘a.
