1560 2498
144 116 172 146 nu
185 115 348 160 ¹oocunmumns
362 114 490 145 mvmonun
505 113 646 144 occisionum
700 103 726 144 73

37 212 78 253 fiat
98 213 279 254 commemoratio
301 213 329 254 de
349 212 406 254 festo
427 212 537 265 sequenti.
560 211 584 253 Si
606 212 681 252 autem
700 213 753 252 sunt

36 278 106 330 paria,
120 279 145 320 in
159 279 264 321 secundis
280 279 380 331 vesperis
393 278 514 330 incipiatur
533 290 547 318 a
563 277 662 330 capitulo
679 277 706 318 de
721 288 755 317 se-

37 344 122 396 quenti,
138 345 202 386 salva
215 345 314 386 Robrica
328 343 427 396 corporis
444 344 530 392 christi,
550 355 594 395 que
617 344 676 384 sicut
696 343 754 384 iacet

37 410 121 450 servari
135 404 212 463 debet,
228 411 250 450 et
264 410 356 460 excepto
374 408 431 448 festo
450 408 522 448 sancti
540 408 646 449 leronimi
664 409 755 460 propter

36 474 159 515 Rubricam
168 473 295 526 specialem.
305 473 361 513 Item
371 472 391 512 si
400 472 482 512 festum
492 472 565 512 sancti
572 472 659 513 Nicolai
668 472 755 513 venerit

36 538 60 578 in
74 538 211 579 dominicam
226 537 337 577 adventus
351 536 485 577 transfertur
497 536 521 576 in
531 536 653 577 secundam
667 535 753 583 feriam,

35 604 127 654 propter
143 600 275 652 cappellam,
293 611 340 640 non
357 600 462 640 obstante
477 601 534 640 festo
549 600 623 640 sancti
636 598 753 640 Ambrosi:

36 666 59 706 et
72 665 180 716 incipitur
200 664 225 704 in
246 663 351 704 secundis
365 663 465 715 vesperis
479 676 493 703 a
513 664 612 716 capitulo
626 664 655 704 de
676 665 755 704 sancto

36 729 164 769 Ambrosio.
180 729 236 769 Item
250 729 275 769 in
284 728 341 769 festo
357 728 551 769 Annunciacionis
568 729 609 769 fiat
622 739 756 769 commemo-

36 794 95 835 ratio
109 794 137 835 de
154 794 232 835 sancto
242 793 363 835 Benedicto
377 793 402 834 in
415 793 518 846 utrisque
526 793 633 846 vesperis,
649 792 720 835 missa
734 795 756 835 ct

37 859 163 901 matutinis.
179 859 236 900 ltem
252 859 311 900 inira
327 860 431 900 octavam
447 861 525 900 sancte
539 859 660 901 scolastice
680 860 705 900 in
720 871 756 901 ve—

37 926 116 979 speris,
133 926 241 967 laudibus
255 927 277 966 et
291 926 369 975 missa,
384 926 424 966 fiat
438 926 620 972 commemoratio
641 926 666 967 in
687 938 755 978 specu

38 992 96 1033 sicut
109 992 134 1032 in
148 981 299 1040 monasterio,
315 993 337 1031 et
351 991 406 1032 feria
420 984 633 1043 sccimda‚‘quaudo
654 1003 701 1032 non
722 994 756 1032 est

36 1054 127 1105 testum,
142 1057 167 1097 in
187 1056 263 1097 terciis
284 1056 367 1097 dicitur
380 1056 457 1105 missa,
476 1057 498 1097 et
516 1056 540 1096 in
561 1057 610 1097 eius
631 1056 688 1096 festo
708 1068 756 1108 ym-

37 1133 96 1173 pnus
110 1144 119 1150 -
135 1120 221 1161 Christe
238 1123 369 1160 selectorum
383 1144 392 1149 -
406 1121 466 1161 sicut
479 1121 503 1161 in
524 1121 668 1170 monasterio,
691 1123 713 1162 et
731 1122 756 1162 in

38 1187 118 1226 octava
132 1187 236 1226 cantatur
249 1186 319 1225 missa
333 1186 361 1226 de
375 1186 454 1225 sancta
467 1185 598 1226 Scolastica.

91 1250 186 1301 Quando
200 1250 225 1290 in
241 1250 355 1290 dominica
374 1250 500 1290 celebratur
520 1250 610 1300 testum,
632 1252 657 1291 in
677 1251 757 1302 primis

38 1315 137 1367 vesperis
152 1316 176 1355 et
187 1315 212 1355 in
225 1315 332 1356 laudibus
347 1315 528 1356 commemoratio
542 1315 571 1356 de
584 1315 697 1356 dominica
709 1328 757 1368 pre-

38 1381 96 1422 cedit
110 1381 167 1422 alias
181 1381 416 1430 commemorationem
432 1382 454 1422 et
468 1382 488 1422 si
502 1381 557 1423 lune
570 1382 607 1423 die
621 1384 655 1423 est
665 1382 755 1432 testum,

38 1447 63 1487 in
77 1446 182 1488 secundis
195 1446 295 1498 vesperis
308 1445 334 1487 nt
347 1446 410 1499 prius
424 1447 606 1488 commemoratio
616 1447 644 1489 de
653 1449 757 1501 sequenti

38 1513 102 1561 festo,
118 1514 140 1552 et
153 1513 232 1564 postea
246 1512 273 1552 de
294 1512 414 1560 dominica3
437 1514 459 1553 et
480 1512 499 1553 si
521 1515 554 1553 est
575 1514 757 1554 commemoratio

38 1577 136 1626 tantum,
150 1578 206 1617 tunc
219 1576 317 1629 precedit
327 1578 508 1618 commemoratio
518 1577 546 1618 de
562 1578 675 1618 [loniinica
689 1579 757 1618 etiam

38 1642 63 1681 in
77 1641 183 1681 secundis
196 1641 302 1692 vesperis.
314 1641 371 1681 item
385 1642 476 1692 quando
485 1642 510 1681 in
524 1641 580 1682 festo
595 1642 691 1694 simplici
702 1642 758 1682 inci-

38 1706 100 1758 pitur
114 1718 128 1745 a
142 1706 241 1757 capitulo
255 1705 282 1746 de
296 1706 341 1746 alio
355 1706 420 1755 festo,
436 1708 523 1747 etcum
544 1707 587 1747 hoc
608 1709 642 1747 est
663 1719 758 1748 comme-

39 1770 135 1811 moratio
151 1772 248 1819 tantum,
270 1771 325 1810 tunc
346 1771 528 1811 commemoratio
549 1772 638 1812 tantum
659 1772 758 1823 precedit

39 1834 275 1876 commemorationem
291 1834 342 1875 festi
363 1835 516 1887 precedentis:
540 1836 580 1877 sed
593 1837 613 1877 si
634 1837 677 1877 troc
695 1837 758 1877 venit

39 1900 98 1940 inter
112 1899 157 1940 duo
171 1899 228 1940 festa
242 1899 348 1952 duplicia,
364 1911 429 1941 secus
449 1901 489 1941 m:
512 1901 575 1942 verbi
590 1902 670 1954 gratia,
690 1901 758 1944 hodie

40 1967 74 2007 est
87 1965 170 2007 festum
184 1965 274 2018 duplex,
290 1968 312 2007 et
322 1978 371 2007 cras
385 1968 420 2008 est
428 1966 511 2008 testum
520 1967 604 2020 duplex
618 1970 701 2010 etcum
714 1969 758 2010 hoc

39 2032 229 2082 commemoratio,
244 2032 269 2073 in
283 2034 388 2074 secundis
402 2034 502 2086 vesperis
516 2035 697 2076 commemoratio
708 2037 758 2076 tan-

39 2100 89 2139 tum
110 2098 212 2149 sequitur
239 2100 475 2139 commemorationem
499 2099 551 2140 testi
571 2100 710 2152 precedentis
731 2112 757 2141 ac

41 2162 109 2203 etiam
123 2161 175 2202 festi
189 2161 298 2213 simplicis
312 2163 434 2214 sequentis.

94 2226 151 2266 ltem
164 2225 190 2265 in
205 2225 262 2266 festo
284 2225 432 2266 dedicationis
446 2227 576 2268 llonasterii
597 2228 637 2268 frat
653 2228 721 2268 etiam
736 2231 757 2269 et

40 2284 65 2330 in
79 2301 148 2342 specu
162 2289 189 2330 de
199 2289 284 2338 eodem,
300 2290 322 2330 et
335 2290 379 2331 hoc
392 2291 468 2332 minus
483 2291 573 2344 duplex,
589 2294 611 2332 et
624 2304 758 2333 commemo-

40 2355 99 2395 ratio
115 2366 154 2407 per
168 2355 278 2396 octavam.
294 2354 350 2396 Item
363 2355 389 2395 in
402 2356 501 2397 adventu
518 2357 547 2397 ad
560 2380 569 2386 -
579 2357 644 2398 Salve
658 2359 739 2410 reptas
749 2382 758 2388 -
