1554 2489
43 39 69 81 60
284 47 487 80 consummemus*
510 33 512 36 ’

16 148 97 201 prioris
111 147 284 200 disposicionem
298 146 431 188 distribuere
444 146 599 199 indigentibus
613 149 634 189 et
648 159 731 200 paupe-

16 213 88 263 rihus,
103 214 167 254 imita
183 212 308 265 capitulum
322 223 358 261 nv,
376 212 404 253 de
417 212 523 253 vestiario
540 212 642 254 fratrum.
657 213 731 254 Habet

17 279 86 319 etiam
99 278 237 330 proclamare
251 289 297 326 eos,
313 278 359 330 qui,
375 277 472 329 acceptis
485 278 559 327 novis,
574 289 622 318 non
634 278 732 319 reddunt

17 345 99 383 vetera.
115 343 172 383 Item
186 343 256 383 habet
268 343 366 384 tobalias
380 342 408 384 de
421 342 506 383 mensis
522 343 641 392 refectorii,
656 343 732 395 hospi-

18 410 67 449 tum
86 408 108 448 et
125 407 211 448 familie
231 407 292 456 dare,
315 407 417 448 sordidas
437 407 490 448 dare
511 407 541 447 ad
559 407 690 459 lavandum,
710 408 733 448 et

18 472 106 526 dissuta
120 483 146 512 ac
163 471 262 518 lacerata
282 472 312 512 ad
331 472 510 520 reformandum3
532 472 586 512 item
600 471 733 524 generaliter

19 536 97 577 omnia
110 536 219 578 utensiiia
228 536 257 577 ad
266 537 417 586 scribendum,
428 536 513 578 scilicet
526 537 654 587 calamaria,
666 536 734 590 scrip-

18 602 110 652 turalia,
132 602 227 644 lorvices
241 604 292 652 eto,
314 602 363 656 Ipse
383 602 512 656 recolligere
525 605 548 645 et
561 603 614 645 dare
627 603 736 645 iratribus

19 681 60 722 pro
74 669 146 719 cellis,
161 669 220 711 siout
233 669 356 722 unicnique
370 670 404 710 est
417 670 576 711 necessarium.

193 866 231 906 Du
247 865 395 907 MAGISTRO
412 865 562 907 HOSPITUM

278 993 407 1024 CAPITULUM
425 995 478 1024 XLV.

74 1119 167 1167 Fratris,
179 1118 219 1171 qui
232 1118 349 1171 hospitum
362 1130 439 1159 curam
453 1118 536 1159 hahere
550 1119 622 1169 debet,
638 1118 735 1160 officium

21 1185 55 1225 est
69 1183 206 1237 descriptum
220 1184 319 1237 capitulo
333 1195 386 1234 nnn,
400 1185 422 1226 et
435 1185 461 1225 nt
474 1184 518 1225 hoc
532 1184 664 1237 capitulum,
675 1186 737 1238 qnod

20 1251 197 1304 pulcherrimum
211 1252 234 1292 et
248 1251 346 1292 multum
366 1251 545 1307 hedificatorium
563 1253 597 1293 est
611 1252 636 1293 in
648 1253 734 1306 regula,

21 1318 46 1359 in
60 1330 105 1371 quo
119 1318 212 1359 dicitnr:
228 1318 260 1360 Ut
274 1330 326 1371 ergo
340 1318 462 1359 nunciatus
475 1318 542 1359 luerit
555 1318 645 1371 hospes,
661 1325 738 1360 occur-

22 1386 85 1425 ratur
101 1384 128 1434 ei,
149 1386 190 1425 etc.
213 1385 279 1426 Unde
300 1384 439 1425 consuetudo
460 1384 513 1424 talis
534 1385 579 1425 est:
602 1385 693 1437 quando
707 1386 737 1426 ad

22 1451 110 1501 portam
123 1449 255 1490 monasterii
269 1449 352 1505 aliquis
366 1446 496 1501 pulsaverit,
507 1449 585 1489 statim
597 1450 737 1501 portararius

21 1513 156 1565 respondeat
169 1537 178 1543 -
192 1514 311 1554 benedicite
325 1536 334 1543 -
347 1513 383 1554 vel
397 1537 406 1543 -
420 1515 458 1554 deo
472 1515 561 1566 pretias
575 1536 584 1543 -
598 1515 620 1554 et
634 1515 737 1566 aperiens

21 1579 140 1631 parvulam
153 1578 273 1619 fenestram
288 1578 388 1630 portelle,
402 1578 477 1618 videat
491 1578 542 1630 quis
556 1579 597 1628 sit;
612 1579 737 1631 vidensque

23 1643 84 1695 quod
97 1643 129 1683 ibi
143 1644 197 1683 sunt
210 1643 329 1696 peregrini,
340 1634 377 1683 rel
390 1643 494 1683 homines
506 1643 533 1683 de
542 1642 673 1695 longinquis
687 1656 737 1696 par-

22 1707 92 1756 tihus,
116 1707 197 1748 saltem
217 1719 256 1759 per
276 1707 459 1757 nnamdietam,
484 1708 538 1760 quia
558 1707 674 1749 domestici
697 1709 737 1761 qui

24 1774 105 1827 sepius·
114 1773 215 1824 veniunt,
235 1774 336 1827 hospites
350 1786 398 1815 non
411 1775 531 1815 vocantur:
554 1774 650 1827 ideoque
663 1777 737 1827 porta-

23 1839 103 1888 rarius,
119 1839 159 1892 qui
167 1839 287 1892 religiosus
297 1851 346 1881 esse
355 1839 427 1890 dehet,
439 1839 516 1881 statim
524 1839 593 1881 radat
602 1840 632 1881 ad
640 1840 737 1893 priorem

24 1905 117 1946 dicendo
132 1905 194 1957 quod
206 1905 260 1946 talis
274 1905 357 1958 hospes
371 1907 405 1946 est
418 1906 443 1946 in
456 1907 527 1958 porta,
542 1907 563 1946 et
572 1905 625 1947 talis
638 1906 674 1948 vel
684 1907 739 1948 talis

24 1972 169 2021 condicionis,
180 1973 247 2024 prout
261 1972 305 2013 sihi
314 1973 413 2025 apparet.
424 1972 487 2013 'lunc
496 1972 556 2024 prior
569 1974 635 2013 vocat
646 1973 737 2014 fratrem

24 2038 130 2079 clericum
144 2038 173 2077 ad
186 2038 230 2078 hoc
243 2038 382 2089 deputatum,
398 2038 437 2090 qui
451 2038 472 2078 ei
485 2038 594 2078 occurrat.
609 2038 637 2078 nt
650 2038 737 2082 sitatis

24 2104 107 2154 hospes
123 2102 190 2143 luerit
206 2101 284 2143 Ahhas
304 2102 340 2143 uel
361 2102 491 2155 Episcopus,
514 2104 615 2143 occurrat
636 2103 656 2143 ei
676 2103 737 2155 prior

25 2180 76 2209 cum
90 2168 135 2208 alio
149 2167 194 2208 sihi
208 2169 336 2220 assumpto,
359 2179 404 2219 quo
417 2167 521 2208 veniente
535 2167 565 2208 ad
577 2168 672 2219 portam,
687 2179 737 2219 por-

24 2234 121 2274 tararius
136 2233 207 2286 aperit
220 2234 315 2285 portam,
329 2234 351 2274 et
359 2233 427 2273 irater
441 2233 517 2274 eniens
533 2233 627 2285 suscipit
636 2233 737 2285 hospites

25 2311 76 2340 cum
90 2311 180 2340 summa
192 2299 317 2340 reverentia
330 2297 453 2340 inclinatus
464 2298 500 2339 vel
510 2299 642 2351 prostratus,
658 2289 738 2340 seeun-
