1562 2490
177 69 179 72 ’
261 109 263 113 ,
318 80 347 111 nn
362 80 480 111 nncronuu

392 188 405 210 ‘k

379 218 418 241 eeu

94 296 212 349 Regularis
226 294 375 348 observantia
384 293 528 336 Sublacensis
537 291 712 333 consuetudines
730 291 752 332 et

42 363 180 404 caeremoniae
193 361 340 402 inveniuntur
353 360 378 401 in
392 359 519 401 Chronicon
532 357 656 398 Mellioensi
669 357 696 398 D.
706 355 752 397 An-

41 428 106 469 selmi
119 427 228 469 Schramn
243 427 268 468 0.
284 427 306 468 S.
322 426 356 475 Β.,
371 425 465 467 Viennae
485 424 510 465 in
529 422 622 473 dustria
642 420 751 475 impresso

40 493 101 546 typis
124 493 219 535 ioannis
241 492 331 545 Georgii
354 490 464 544 Schlegel,
488 490 552 539 lion
577 488 655 530 multis
675 489 752 529 tamen

39 559 144 611 demptis,
160 559 263 611 pluribus
277 557 410 606 immutatis,
425 555 530 608 plurimis
550 565 640 608 quoque
660 553 750 594 additis.
765 581 772 596 2

40 623 85 666 Cur
98 624 157 665 hoci
172 623 230 675 Quid
244 622 393 665 Sublacenses
407 633 458 672 cum
472 620 657 663 Mellicensihusl
670 618 753 672 Accipe

40 689 199 730 brevissimum
220 699 362 740 responsum.
387 703 399 724 κ
421 687 522 727 Tandem
545 686 653 738 agebatur
678 697 764 727 annus

41 770 53 792 «
66 755 189 796 Dorninicae
198 753 361 795 incarnationis
368 752 503 793 millesimus
511 751 661 804 octogesimus
668 762 750 801 nonus,

41 835 53 857 <‹
66 820 174 873 Lcopoldi
196 819 229 861 ui
252 818 356 867 Pulchri,
380 816 518 859 marchionis
540 816 638 872 Austriae
664 816 691 867 V,
716 816 752 858 cui

41 887 158 940 «placuit,
174 885 274 927 dimissis
288 884 403 926 canonicis
416 883 463 924 iam
476 894 529 923 ann.
546 882 585 923 156
601 882 752 924 Mellicensem
769 892 771 896 ·

41 967 53 989 ‹<
66 951 189 993 Ecclesiam
202 950 361 999 incolentibus,
375 949 437 989 riros
450 948 567 1001 religiosos
577 946 668 999 Ordinis
677 947 700 989 S.
711 947 752 989 Pa-

41 1033 52 1054 «
66 1018 107 1058 tris
128 1016 243 1058 Benedicti
264 1015 408 1064 substituere,
429 1015 554 1065 iisdemque
574 1026 602 1054 ee
620 1013 752 1059 Sublacensi

41 1097 52 1119 «
63 1084 140 1135 priene
158 1082 249 1122 Ordinis
263 1081 336 1121 cecstri
345 1081 491 1120 Ascania...
502 1079 623 1128 accersitis,
635 1077 752 1119 ecclesiam

40 1162 52 1184 «
66 1149 89 1187 et
102 1147 177 1188 locum
190 1145 348 1194 llellicensern,
364 1156 416 1186 cum
429 1143 535 1197 omnihus
549 1143 637 1184 iuribus
659 1144 681 1184 et
701 1154 752 1196 pos·
770 1150 772 1153 ’

40 1227 52 1249 <‹
66 1211 206 1253 sessionibus
220 1210 359 1263 consignare.
375 1208 476 1250 Instituit
489 1208 566 1260 itaque
585 1209 639 1249 sunt
658 1207 752 1249 Benedi-

41 1293 52 1314 «
66 1277 121 1318 ctini
135 1277 178 1318 suli
192 1276 285 1318 Urbano
299 1276 321 1316 ll
373 1275 423 1328 ipsa
436 1274 473 1315 die
486 1273 628 1316 sanctissimi
642 1273 667 1314 P.
682 1273 752 1315 Bene

41 1358 52 1380 ‹<
67 1343 120 1383 dicti
135 1343 208 1391 Sacra,
222 1353 283 1382 anno
305 1341 385 1382 1089.»
406 1339 504 1393 (Chron.
519 1339 600 1380 Mallio.
622 1338 752 1392 Sigilioldus

39 1408 117 1449 nobas
131 1408 148 1449 I.
164 1408 220 1460 Imp.
236 1407 333 1448 Hemico
346 1406 373 1447 V.
390 1406 418 1447 ab
433 1417 493 1447 anno
508 1405 560 1446 1079
574 1404 604 1446 ad
617 1416 671 1446 ann.
687 1404 750 1445 1116:

39 1486 91 1526 pag.
105 1475 143 1515 44:
159 1474 211 1514 m'dc
224 1485 314 1526 quoque
335 1473 389 1524 Pag.
412 1471 454 1525 51).
477 1469 752 1512 Sublacensesmonachi
776 1517 778 1519 ³

39 1540 108 1592 igitur
121 1539 251 1581 fundatores
265 1538 341 1579 vocari
354 1538 451 1590 possunt
464 1536 595 1578 monasterii
615 1535 751 1577 Meliicensis

39 1607 64 1647 in
76 1606 176 1655 dustria,
192 1606 256 1647 cuins
270 1604 379 1645 familiam
393 1604 490 1656 primam
503 1602 677 1650 constituerunt,
687 1613 752 1654 regn-

39 1671 85 1711 lam
99 1672 201 1711 sanctam
215 1671 300 1722 absque
310 1668 379 1710 dubio
389 1668 516 1709 exercentes
525 1666 649 1708 secuudum
659 1663 752 1707 consue-

39 1736 129 1778 tudines
137 1738 159 1777 et
166 1735 310 1777 caeremonias
319 1746 377 1787 quas
386 1733 477 1775 Sublaci
487 1732 617 1781 didicerant,
627 1733 648 1773 et
656 1743 752 1783 quarum

37 1802 152 1855 exemplar
166 1813 242 1842 secum
251 1800 385 1841 detulerant.
396 1798 441 1839 Nec
451 1798 517 1839 satis:
534 1809 594 1838 anno
604 1797 664 1846 1418,
674 1796 752 1838 Ather-

38 1870 76 1909 tus
89 1867 109 1909 V
122 1866 240 1908 Archidux
252 1866 335 1906 iterum
349 1863 497 1906 Sublacenses
518 1862 642 1904 monachos
662 1862 752 1903 vocavit

37 1934 68 1974 ad
88 1932 259 1974 restaurandam
271 1931 305 1972 -in
327 1929 464 1971 monasterio
484 1928 608 1970 Mellicensi
629 1927 752 1981 collapsam

37 1997 187 2039 monasticam
200 1995 350 2048 disciplinam,
372 1994 448 2035 missis
468 1993 549 2047 legatis
570 1993 599 2033 ad
620 1991 751 2034 Pontificem

38 2063 160 2103 Martinam
173 2056 199 2102 V'
207 2060 344 2103 Constantine
358 2059 473 2100 sedentem
491 2057 553 2100 Sacri
565 2056 660 2099 Concilii
673 2068 749 2098 causa.

37 2128 143 2169 Monachi
157 2128 242 2176 adhoc
252 2126 316 2168 electi
325 2127 348 2167 et
357 2125 470 2174 destinati,
481 2124 583 2165 fuerunt:
598 2123 634 2164 Fr.
644 2122 752 2171 Nicolaus

38 2193 156 2246 Sepringer
170 2193 198 2233 de
211 2191 411 2236 Mareullisitator
424 2191 446 2231 et
458 2190 604 2237 Reformator,
620 2187 659 2241 qui
673 2189 759 2239 postea.

38 2259 108 2300 abbas
122 2257 257 2299 Mellicensis
270 2257 324 2298 fuit:
340 2257 376 2297 Fr.
391 2255 505 2297 Antonius
518 2255 546 2295 dc
555 2252 701 2295 Catalaunia:
712 2252 747 2293 Fr.

38 2324 136 2365 Mathias
150 2324 177 2365 de
191 2323 309 2364 Borussia:
325 2322 360 2364 Fr.
383 2321 489 2363 Nicolaus
510 2320 538 2361 de
558 2318 646 2371 Respiz,
669 2317 749 2359 deinde
