1560 2498
285 98 414 138 'carnutum
431 99 464 137 tii
575 148 578 152 ,
598 149 600 151 ,

106 278 143 318 nn
157 278 237 321 mono
252 279 412 322 Psnmuum
426 270 519 321 mitur
532 274 638 323 orricii

284 397 412 428 cnrrrunuu
426 388 465 427 vii.

69 503 126 551 ‘Pani
139 501 164 551 in
178 503 250 551 officio
264 512 375 551 nocturno
389 512 458 563 diram
472 510 540 551 etiarn
553 501 581 553 de
594 502 638 562 die,
660 504 732 554 atten=

16 573 116 618 dendum
136 570 170 617 est
190 578 216 617 ut
236 576 346 629 psallatur
367 566 431 625 liene,
453 576 557 617 videlicet
578 578 639 629 quod
658 578 731 630 primo

17 641 86 682 verba
98 640 171 693 pleno,
180 644 218 681 nie
238 643 290 681 'cum
310 640 415 692 perfecta·
428 640 560 680 sillabarum
580 642 730 693 expressione,

18 708 40 748 et
53 698 121 759 etiam
134 703 237 765 perfectis
250 706 328 758 pausis
342 706 481 764 uhicmuque,
492 697 646 758 punctusest,
661 708 732 759 profe

17 773 103 812 rantur¹
119 771 219 825 Perfecta
232 782 304 828 pausa
318 772 351 811 est
365 773 409 823 que
422 771 448 811 fit
462 772 576 812 communi
586 783 654 812 cursu
664 772 733 813 anhe-

17 837 84 880 litum
98 836 230 878 dimittendo
244 839 266 878 et
279 838 358 889 postea
371 836 513 891 resumendo,
521 830 556 877 'nt
574 839 685 890 quantum
703 837 733 878 cd

18 905 78 945 hanc
90 915 141 957 rem
148 903 238 955 ,optima
251 904 286 943 est
294 902 391 953 formula
397 894 461 954 'beati
470 894 585 952 Bernardi,
597 915 641 955 que
650 904 733 955 partim

17 980 123 1022 expressa
136 969 171 1009 est
184 980 252 1020 super
265 967 329 1009 Cant.
345 967 456 1009 Canticon
479 969 501 1008 et
517 969 624 1025 [sequitur
644 969 670 1009 in
690 970 732 1010 hee

17 1035 102 1078 veritat,
112 1033 229 1081 Admoneo
238 1045 279 1074 vos
288 1033 368 1080 fratres
375 1033 525 1087 dilectissimi,
540 1045 596 1085 pure
605 1046 632 1075 ac
641 1036 733 1075 strenue

16 1099 101 1141 divinis
123 1099 231 1152 interesse
253 1098 370 1146 laudibus:
395 1099 486 1138 strenue
507 1098 604 1150 quidem,
627 1101 653 1140 ut
673 1099 732 1140 sicut

15 1166 150 1213 reverenter,
165 1164 233 1205 itaet
247 1164 349 1217 alacriter
362 1163 459 1220 Domino
473 1164 619 1214 assistamus3
634 1177 682 1205 non
699 1165 733 1217 pi-

14 1231 59 1285 gri,
81 1241 129 1283 non
146 1228 307 1286 sompnolenti,
322 1240 379 1274 vnon
397 1228 525 1277 oscitantes,
547 1240 595 1277 non
607 1231 732 1282 ,parcentes

16 1284 118 1344 vocibus,
139 1305 187 1335 non
206 1294 345 1346 precidentes
365 1294 438 1347 verba
455 1292 564 1344 dimidia,
577 1306 624 1335 nen
644 1295 733 1347 integra

16 1361 177 1413 transilientes,
192 1371 239 1410 non
259 1359 335 1399 tractis
349 1360 378 1411 Uet
397 1358 498 1406 remissis
511 1359 605 1400 vocibus
623 1360 733 1401 muliebre

16 1426 131 1479 quoddam
138 1425 305 1474 barbarismum¹
312 1425 451 1474 resonantes,
462 1423 503 1464 sed
511 1424 578 1474 virili,
589 1426 615 1466 ut
624 1425 731 1475 dirrimus,

16 1494 40 1533 et
53 1491 129 1532 sonitu
140 1492 165 1538 ,et
178 1486 259 1531 affeetu
277 1502 343 1536 voces
361 1490 436 1530 sancti
450 1490 550 1542 ,spiritus
561 1491 731 1543 depromentes.

17 1557 76 1598 Pure
84 1567 149 1609 vero,
165 1556 191 1596 ut
204 1556 238 1596 nil
252 1549 314 1606 aliud
328 1555 382 1605 dum
391 1552 496 1607 psallitur
505 1554 622 1607 cogitetur-2
635 1556 732 1608 Spiritus

18 1622 79 1664 enim
96 1622 189 1665 sanctus
209 1617 250 1677 illa
269 1621 326 1661 hora
347 1622 437 1673 gratum
450 1626 512 1661 ,non
524 1620 611 1673 recipit,
621 1622 733 1674 ¹quisquis

17 1687 80 1728 aliud
90 1685 247 1739 ,quamdehet
263 1685 364 1738 neglecto
378 1697 404 1726 eo
414 1685 658 1737 quod-debctmbtulit.
669 1687 734 1727 Psal-

17 1753 117 1793 modiam
130 1752 288 1796 nonmultum
301 1751 467 1803 protrahamus,
479 1751 519 1791 sed
531 1752 630 1792 rotunda
644 1764 670 1792 ac
679 1753 733 1792 tiva

17 1831 72 1860 voce
85 1819 209 1869 cantemus,
220 1817 319 1858 medium
329 1817 351 1857 et
359 1817 428 1857 finem
437 1816 506 1857 simul
514 1826 594 1858 uersus
603 1818 733 1868 intonemus

17 1886 40 1926 ct
53 1883 122 1925 simul
135 1882 283 1938 dimittamus.
299 1882 412 1923 Punctum
425 1882 504 1923 nullus
521 1883 604 1932 teneat,
627 1883 667 1924 sed
688 1883 732 1924 cito

17 1950 127 1992 dimittat:
148 1949 199 2001 post
212 1949 322 2001 punctum
335 1948 420 1988 honam
433 1960 529 2000 pausam
542 1948 659 1990 faciamus.
679 1949 733 1997 Nul-

17 2016 55 2056 lus
69 2016 121 2055 ante
130 2014 207 2067 ‚alium
220 2014 325 2066 incipere,
341 2014 444 2057 eta-nimis
459 2025 553 2062 currere,
565 2016 605 2055 aut
614 2016 665 2067 post
675 2015 732 2064 alios

17 2081 107 2129 trahere
119 2080 243 2132 presumat,
257 2078 294 2120 vel
307 2080 417 2131 punctum
426 2080 512 2119 tenere:
529 2079 598 2120 simul
607 2081 731 2129 cantemus,

18 2146 87 2187 simul
99 2157 229 2198 pausemus,
245 2156 332 2196 semper
346 2144 502 2185 auscultando.
512 2145 588 2186 -Unde
609 2147 632 2186 et
651 2146 733 2186 beatus

17 2213 81 2265 pater
94 2212 170 2263 nester
183 2211 318 2252 Benedictus
331 2210 416 2263 pluries
429 2210 510 2267 voluit
522 2210 548 2260 in
567 2210 645 2264 regula
662 2211 733 2252 nemi-

17 2290 69 2319 nem
82 2277 156 2330 legere
170 2277 209 2317 aut
223 2277 321 2325 cantare,
336 2275 381 2316 nisi
395 2275 434 2328 qui
443 2276 520 2328 ,possit
529 2276 631 2317 edificare
641 2275 733 2317 andren·

19 2345 54 2391 tes
67 2343 125 2384 hene
138 2342 252 2395 implendo
266 2341 364 2389 officium
378 2342 460 2395 ipsum,
475 2341 540 2383 iuuta
549 2342 648 2395 capitula
656 2342 733 2396 regule
