<?xml version="1.0" encoding="UTF-8"?>
<!DOCTYPE html PUBLIC "-//W3C//DTD XHTML 1.0 Transitional//EN"
    "http://www.w3.org/TR/xhtml1/DTD/xhtml1-transitional.dtd">
<html xmlns="http://www.w3.org/1999/xhtml" xml:lang="en" lang="en">
 <head>
  <title>
</title>
<meta http-equiv="Content-Type" content="text/html;charset=utf-8" />
  <meta name='ocr-system' content='tesseract 3.04.00' />
  <meta name='ocr-capabilities' content='ocr_page ocr_carea ocr_par ocr_line ocrx_word'/>
</head>
<body>
  <div class='ocr_page' id='page_1' title='image "MN5065ucmf_2_0017.png"; bbox 0 0 1546 2506; ppageno 0'>
   <div class='ocr_carea' id='block_1_1' title="bbox 285 440 489 483">
    <p class='ocr_par' dir='ltr' id='par_1_1' title="bbox 285 440 489 483">
     <span class='ocr_line' id='line_1_1' title="bbox 285 440 489 483; baseline 0.005 -1"><span class='ocrx_word' id='word_1_1' title='bbox 285 441 325 482; x_wconf 85' lang='lat' dir='ltr'>AD</span> <span class='ocrx_word' id='word_1_2' title='bbox 339 440 489 483; x_wconf 78' lang='lat' dir='ltr'>LECTOREM</span> 
     </span>
    </p>
   </div>
   <div class='ocr_carea' id='block_1_2' title="bbox 190 529 587 612">
    <p class='ocr_par' dir='ltr' id='par_1_2' title="bbox 190 529 587 612">
     <span class='ocr_line' id='line_1_2' title="bbox 190 529 587 612; baseline 0 -1"><span class='ocrx_word' id='word_1_3' title='bbox 190 529 359 611; x_wconf 70' lang='lat' dir='ltr'>notumne</span> <span class='ocrx_word' id='word_1_4' title='bbox 374 565 464 612; x_wconf 84' lang='lat' dir='ltr'>sonu</span> <span class='ocrx_word' id='word_1_5' title='bbox 478 564 587 612; x_wconf 82' lang='lat' dir='ltr'>urnm</span> 
     </span>
    </p>
   </div>
   <div class='ocr_carea' id='block_1_3' title="bbox 18 902 742 2393">
    <p class='ocr_par' dir='ltr' id='par_1_3' title="bbox 31 902 742 1152">
     <span class='ocr_line' id='line_1_3' title="bbox 86 902 740 952; baseline 0.002 -9"><span class='ocrx_word' id='word_1_6' title='bbox 86 902 160 944; x_wconf 81' lang='lat' dir='ltr'>Codex</span> <span class='ocrx_word' id='word_1_7' title='bbox 180 903 325 944; x_wconf 82' lang='lat' dir='ltr'>Bibliothecae</span> <span class='ocrx_word' id='word_1_8' title='bbox 346 902 489 944; x_wconf 84' lang='lat' dir='ltr'>Sublacensis</span> <span class='ocrx_word' id='word_1_9' title='bbox 514 902 740 952; x_wconf 85' lang='lat' dir='ltr'>Proto-Monasterii‚</span> 
     </span>
     <span class='ocr_line' id='line_1_4' title="bbox 33 968 742 1021; baseline 0 -12"><span class='ocrx_word' id='word_1_10' title='bbox 33 980 60 1010; x_wconf 79' lang='lat' dir='ltr'>ex</span> <span class='ocrx_word' id='word_1_11' title='bbox 67 980 112 1021; x_wconf 81' lang='lat' dir='ltr'>quo</span> <span class='ocrx_word' id='word_1_12' title='bbox 121 968 239 1021; x_wconf 73' lang='lat' dir='ltr'>sequentia</span> <span class='ocrx_word' id='word_1_13' title='bbox 247 968 404 1021; x_wconf 77' lang='lat' dir='ltr'>excerpsimus,</span> <span class='ocrx_word' id='word_1_14' title='bbox 415 968 598 1009; x_wconf 87' lang='lat' dir='ltr'>membranaceus</span> <span class='ocrx_word' id='word_1_15' title='bbox 608 969 648 1017; x_wconf 88' lang='lat' dir='ltr'>est,</span> <span class='ocrx_word' id='word_1_16' title='bbox 659 969 742 1010; x_wconf 83' lang='lat' dir='ltr'>saeculo</span> 
     </span>
     <span class='ocr_line' id='line_1_5' title="bbox 32 1033 742 1087; baseline 0.001 -13"><span class='ocrx_word' id='word_1_17' title='bbox 32 1033 84 1075; x_wconf 83' lang='lat' dir='ltr'>XIV</span> <span class='ocrx_word' id='word_1_18' title='bbox 98 1035 213 1083; x_wconf 76' lang='lat' dir='ltr'>exaratus,</span> <span class='ocrx_word' id='word_1_19' title='bbox 225 1034 265 1087; x_wconf 80' lang='lat' dir='ltr'>qui</span> <span class='ocrx_word' id='word_1_20' title='bbox 274 1034 294 1075; x_wconf 91' lang='lat' dir='ltr'>si</span> <span class='ocrx_word' id='word_1_21' title='bbox 302 1033 382 1075; x_wconf 79' lang='lat' dir='ltr'>fuisset</span> <span class='ocrx_word' id='word_1_22' title='bbox 391 1034 456 1075; x_wconf 88' lang='lat' dir='ltr'>cante</span> <span class='ocrx_word' id='word_1_23' title='bbox 465 1034 490 1074; x_wconf 91' lang='lat' dir='ltr'>in</span> <span class='ocrx_word' id='word_1_24' title='bbox 503 1033 617 1085; x_wconf 80' lang='lat' dir='ltr'>primitiva</span> <span class='ocrx_word' id='word_1_25' title='bbox 631 1044 673 1074; x_wconf 88' lang='lat' dir='ltr'>sua</span> <span class='ocrx_word' id='word_1_26' title='bbox 686 1034 742 1075; x_wconf 89' lang='lat' dir='ltr'>inte-</span> 
     </span>
     <span class='ocr_line' id='line_1_6' title="bbox 31 1098 742 1152; baseline 0.003 -13"><span class='ocrx_word' id='word_1_27' title='bbox 31 1098 112 1152; x_wconf 80' lang='lat' dir='ltr'>gritate</span> <span class='ocrx_word' id='word_1_28' title='bbox 125 1101 234 1149; x_wconf 85' lang='lat' dir='ltr'>servatus,</span> <span class='ocrx_word' id='word_1_29' title='bbox 249 1099 328 1152; x_wconf 85' lang='lat' dir='ltr'>utique</span> <span class='ocrx_word' id='word_1_30' title='bbox 348 1100 406 1141; x_wconf 93' lang='lat' dir='ltr'>inter</span> <span class='ocrx_word' id='word_1_31' title='bbox 426 1099 628 1152; x_wconf 81' lang='lat' dir='ltr'>magnificentiores</span> <span class='ocrx_word' id='word_1_32' title='bbox 648 1100 671 1140; x_wconf 92' lang='lat' dir='ltr'>et</span> <span class='ocrx_word' id='word_1_33' title='bbox 690 1099 742 1141; x_wconf 78' lang='lat' dir='ltr'>iltu-</span> 
     </span>
    </p>

    <p class='ocr_par' dir='ltr' id='par_1_4' title="bbox 18 1164 742 1921">
     <span class='ocr_line' id='line_1_7' title="bbox 18 1164 742 1222; baseline 0 -16"><span class='ocrx_word' id='word_1_34' title='bbox 18 1165 122 1207; x_wconf 82' lang='lat' dir='ltr'>striores</span> <span class='ocrx_word' id='word_1_35' title='bbox 145 1164 232 1207; x_wconf 87' lang='lat' dir='ltr'>codices</span> <span class='ocrx_word' id='word_1_36' title='bbox 253 1166 311 1207; x_wconf 88' lang='lat' dir='ltr'>esset</span> <span class='ocrx_word' id='word_1_37' title='bbox 332 1165 598 1222; x_wconf 65' lang='lat' dir='ltr'>adnumerandus1uuae</span> <span class='ocrx_word' id='word_1_38' title='bbox 621 1168 742 1217; x_wconf 72' lang='lat' dir='ltr'>supersunt</span> 
     </span>
     <span class='ocr_line' id='line_1_8' title="bbox 31 1230 739 1283; baseline 0 -12"><span class='ocrx_word' id='word_1_39' title='bbox 31 1230 92 1271; x_wconf 91' lang='lat' dir='ltr'>enim</span> <span class='ocrx_word' id='word_1_40' title='bbox 105 1230 215 1283; x_wconf 85' lang='lat' dir='ltr'>optimum</span> <span class='ocrx_word' id='word_1_41' title='bbox 229 1231 256 1272; x_wconf 90' lang='lat' dir='ltr'>de</span> <span class='ocrx_word' id='word_1_42' title='bbox 270 1232 355 1272; x_wconf 88' lang='lat' dir='ltr'>asserta</span> <span class='ocrx_word' id='word_1_43' title='bbox 368 1231 461 1272; x_wconf 88' lang='lat' dir='ltr'>veritate</span> <span class='ocrx_word' id='word_1_44' title='bbox 470 1231 570 1283; x_wconf 73' lang='lat' dir='ltr'>praebent</span> <span class='ocrx_word' id='word_1_45' title='bbox 579 1230 739 1272; x_wconf 88' lang='lat' dir='ltr'>testimonium.</span> 
     </span>
     <span class='ocr_line' id='line_1_9' title="bbox 31 1294 738 1347; baseline 0.003 -13"><span class='ocrx_word' id='word_1_46' title='bbox 31 1294 94 1335; x_wconf 84' lang='lat' dir='ltr'>Folia</span> <span class='ocrx_word' id='word_1_47' title='bbox 108 1294 191 1347; x_wconf 75' lang='lat' dir='ltr'>(nribus</span> <span class='ocrx_word' id='word_1_48' title='bbox 205 1296 293 1336; x_wconf 87' lang='lat' dir='ltr'>constat</span> <span class='ocrx_word' id='word_1_49' title='bbox 306 1294 457 1336; x_wconf 84' lang='lat' dir='ltr'>dimensiones</span> <span class='ocrx_word' id='word_1_50' title='bbox 470 1294 556 1336; x_wconf 85' lang='lat' dir='ltr'>habent</span> <span class='ocrx_word' id='word_1_51' title='bbox 564 1294 626 1335; x_wconf 74' lang='lat' dir='ltr'>(thro</span> <span class='ocrx_word' id='word_1_52' title='bbox 639 1296 650 1336; x_wconf 83' lang='lat' dir='ltr'>i</span> <span class='ocrx_word' id='word_1_53' title='bbox 665 1294 738 1336; x_wconf 77' lang='lat' dir='ltr'>oreo:</span> 
     </span>
     <span class='ocr_line' id='line_1_10' title="bbox 30 1360 740 1418; baseline 0.004 -19"><span class='ocrx_word' id='word_1_54' title='bbox 30 1360 85 1400; x_wconf 87' lang='lat' dir='ltr'>sunt</span> <span class='ocrx_word' id='word_1_55' title='bbox 98 1371 192 1401; x_wconf 89' lang='lat' dir='ltr'>numero</span> <span class='ocrx_word' id='word_1_56' title='bbox 202 1360 252 1401; x_wconf 74' lang='lat' dir='ltr'>tho:</span> <span class='ocrx_word' id='word_1_57' title='bbox 268 1372 341 1413; x_wconf 78' lang='lat' dir='ltr'>usque</span> <span class='ocrx_word' id='word_1_58' title='bbox 350 1360 380 1402; x_wconf 86' lang='lat' dir='ltr'>ad</span> <span class='ocrx_word' id='word_1_59' title='bbox 388 1360 585 1418; x_wconf 77' lang='lat' dir='ltr'>quadragesimum</span> <span class='ocrx_word' id='word_1_60' title='bbox 594 1362 740 1402; x_wconf 84' lang='lat' dir='ltr'>numerantur</span> 
     </span>
     <span class='ocr_line' id='line_1_11' title="bbox 30 1424 741 1483; baseline 0.003 -18"><span class='ocrx_word' id='word_1_61' title='bbox 30 1424 117 1474; x_wconf 84' lang='lat' dir='ltr'>litteris,</span> <span class='ocrx_word' id='word_1_62' title='bbox 133 1425 167 1466; x_wconf 87' lang='lat' dir='ltr'>uti</span> <span class='ocrx_word' id='word_1_63' title='bbox 181 1426 269 1475; x_wconf 87' lang='lat' dir='ltr'>vocant,</span> <span class='ocrx_word' id='word_1_64' title='bbox 285 1425 381 1478; x_wconf 83' lang='lat' dir='ltr'>gothicis</span> <span class='ocrx_word' id='word_1_65' title='bbox 390 1425 527 1475; x_wconf 84' lang='lat' dir='ltr'>maiuscoiis,</span> <span class='ocrx_word' id='word_1_66' title='bbox 537 1425 606 1467; x_wconf 86' lang='lat' dir='ltr'>rubro</span> <span class='ocrx_word' id='word_1_67' title='bbox 616 1427 638 1467; x_wconf 90' lang='lat' dir='ltr'>et</span> <span class='ocrx_word' id='word_1_68' title='bbox 646 1426 741 1483; x_wconf 78' lang='lat' dir='ltr'>coeruieo</span> 
     </span>
     <span class='ocr_line' id='line_1_12' title="bbox 30 1482 741 1544; baseline 0.003 -14"><span class='ocrx_word' id='word_1_69' title='bbox 30 1490 143 1543; x_wconf 79' lang='lat' dir='ltr'>coloribus</span> <span class='ocrx_word' id='word_1_70' title='bbox 149 1491 222 1543; x_wconf 87' lang='lat' dir='ltr'>pictis:</span> <span class='ocrx_word' id='word_1_71' title='bbox 234 1503 248 1531; x_wconf 81' lang='lat' dir='ltr'>a</span> <span class='ocrx_word' id='word_1_72' title='bbox 255 1490 425 1543; x_wconf 82' lang='lat' dir='ltr'>quadragesimo</span> <span class='ocrx_word' id='word_1_73' title='bbox 435 1482 506 1544; x_wconf 87' lang='lat' dir='ltr'>primo</span> <span class='ocrx_word' id='word_1_74' title='bbox 516 1490 588 1544; x_wconf 84' lang='lat' dir='ltr'>usqne</span> <span class='ocrx_word' id='word_1_75' title='bbox 597 1492 627 1532; x_wconf 87' lang='lat' dir='ltr'>ad</span> <span class='ocrx_word' id='word_1_76' title='bbox 635 1492 741 1533; x_wconf 86' lang='lat' dir='ltr'>ultimum</span> 
     </span>
     <span class='ocr_line' id='line_1_13' title="bbox 30 1556 740 1609; baseline 0.004 -14"><span class='ocrx_word' id='word_1_77' title='bbox 30 1557 177 1596; x_wconf 88' lang='lat' dir='ltr'>numerantur</span> <span class='ocrx_word' id='word_1_78' title='bbox 191 1556 287 1597; x_wconf 78' lang='lat' dir='ltr'>arabicis</span> <span class='ocrx_word' id='word_1_79' title='bbox 300 1557 400 1597; x_wconf 87' lang='lat' dir='ltr'>numeris</span> <span class='ocrx_word' id='word_1_80' title='bbox 414 1557 478 1609; x_wconf 81' lang='lat' dir='ltr'>nigro</span> <span class='ocrx_word' id='word_1_81' title='bbox 493 1557 617 1597; x_wconf 83' lang='lat' dir='ltr'>atramento</span> <span class='ocrx_word' id='word_1_82' title='bbox 637 1569 677 1609; x_wconf 93' lang='lat' dir='ltr'>per</span> <span class='ocrx_word' id='word_1_83' title='bbox 694 1569 740 1598; x_wconf 88' lang='lat' dir='ltr'>ma-</span> 
     </span>
     <span class='ocr_line' id='line_1_14' title="bbox 30 1621 741 1671; baseline 0.004 -11"><span class='ocrx_word' id='word_1_84' title='bbox 30 1632 86 1661; x_wconf 84' lang='lat' dir='ltr'>num</span> <span class='ocrx_word' id='word_1_85' title='bbox 99 1621 125 1661; x_wconf 89' lang='lat' dir='ltr'>R.</span> <span class='ocrx_word' id='word_1_86' title='bbox 142 1621 166 1661; x_wconf 90' lang='lat' dir='ltr'>P.</span> <span class='ocrx_word' id='word_1_87' title='bbox 182 1621 208 1661; x_wconf 90' lang='lat' dir='ltr'>D.</span> <span class='ocrx_word' id='word_1_88' title='bbox 225 1621 304 1662; x_wconf 81' lang='lat' dir='ltr'>Isidori</span> <span class='ocrx_word' id='word_1_89' title='bbox 319 1622 346 1662; x_wconf 92' lang='lat' dir='ltr'>de</span> <span class='ocrx_word' id='word_1_90' title='bbox 360 1622 392 1663; x_wconf 84' lang='lat' dir='ltr'>Su</span> <span class='ocrx_word' id='word_1_91' title='bbox 406 1622 541 1671; x_wconf 77' lang='lat' dir='ltr'>Parmensis,</span> <span class='ocrx_word' id='word_1_92' title='bbox 557 1622 662 1663; x_wconf 84' lang='lat' dir='ltr'>Monaohi</span> <span class='ocrx_word' id='word_1_93' title='bbox 684 1622 741 1664; x_wconf 82' lang='lat' dir='ltr'>Con-</span> 
     </span>
     <span class='ocr_line' id='line_1_15' title="bbox 30 1685 741 1739; baseline 0.003 -13"><span class='ocrx_word' id='word_1_94' title='bbox 30 1685 166 1738; x_wconf 82' lang='lat' dir='ltr'>gregationis</span> <span class='ocrx_word' id='word_1_95' title='bbox 181 1686 328 1736; x_wconf 76' lang='lat' dir='ltr'>Cassinensis⁷</span> <span class='ocrx_word' id='word_1_96' title='bbox 343 1687 368 1727; x_wconf 87' lang='lat' dir='ltr'>in</span> <span class='ocrx_word' id='word_1_97' title='bbox 381 1693 405 1728; x_wconf 75' lang='lat' dir='ltr'>re·</span> <span class='ocrx_word' id='word_1_98' title='bbox 419 1687 563 1739; x_wconf 75' lang='lat' dir='ltr'>diplomatica</span> <span class='ocrx_word' id='word_1_99' title='bbox 574 1689 596 1727; x_wconf 86' lang='lat' dir='ltr'>et</span> <span class='ocrx_word' id='word_1_100' title='bbox 609 1687 741 1728; x_wconf 76' lang='lat' dir='ltr'>ordinandis</span> 
     </span>
     <span class='ocr_line' id='line_1_16' title="bbox 30 1750 741 1805; baseline 0.006 -15"><span class='ocrx_word' id='word_1_101' title='bbox 30 1750 128 1791; x_wconf 70' lang='lat' dir='ltr'>archivis</span> <span class='ocrx_word' id='word_1_102' title='bbox 141 1751 278 1803; x_wconf 70' lang='lat' dir='ltr'>peritissimi.</span> <span class='ocrx_word' id='word_1_103' title='bbox 293 1752 384 1805; x_wconf 75' lang='lat' dir='ltr'>Pagina</span> <span class='ocrx_word' id='word_1_104' title='bbox 393 1764 440 1792; x_wconf 94' lang='lat' dir='ltr'>non</span> <span class='ocrx_word' id='word_1_105' title='bbox 449 1753 608 1803; x_wconf 84' lang='lat' dir='ltr'>bipartiuntur‚</span> <span class='ocrx_word' id='word_1_106' title='bbox 619 1764 741 1805; x_wconf 88' lang='lat' dir='ltr'>earumque</span> 
     </span>
     <span class='ocr_line' id='line_1_17' title="bbox 29 1806 740 1858; baseline 0.004 -3"><span class='ocrx_word' id='word_1_107' title='bbox 29 1814 141 1856; x_wconf 84' lang='lat' dir='ltr'>linearum</span> <span class='ocrx_word' id='word_1_108' title='bbox 150 1806 257 1857; x_wconf 88' lang='lat' dir='ltr'>numerus</span> <span class='ocrx_word' id='word_1_109' title='bbox 266 1816 343 1857; x_wconf 84' lang='lat' dir='ltr'>varius</span> <span class='ocrx_word' id='word_1_110' title='bbox 352 1818 386 1858; x_wconf 88' lang='lat' dir='ltr'>est</span> <span class='ocrx_word' id='word_1_111' title='bbox 393 1817 457 1858; x_wconf 76' lang='lat' dir='ltr'>iuxta</span> <span class='ocrx_word' id='word_1_112' title='bbox 466 1816 618 1858; x_wconf 74' lang='lat' dir='ltr'>diversitatem</span> <span class='ocrx_word' id='word_1_113' title='bbox 631 1829 740 1858; x_wconf 88' lang='lat' dir='ltr'>manuum</span> 
     </span>
     <span class='ocr_line' id='line_1_18' title="bbox 30 1880 183 1921; baseline 0.007 -1"><span class='ocrx_word' id='word_1_114' title='bbox 30 1880 183 1921; x_wconf 73' lang='lat' dir='ltr'>scribentium.</span> 
     </span>
    </p>

    <p class='ocr_par' dir='ltr' id='par_1_5' title="bbox 83 1945 578 1996">
     <span class='ocr_line' id='line_1_19' title="bbox 83 1945 578 1996; baseline 0.004 -11"><span class='ocrx_word' id='word_1_115' title='bbox 83 1945 110 1986; x_wconf 85' lang='lat' dir='ltr'>In</span> <span class='ocrx_word' id='word_1_116' title='bbox 123 1946 166 1987; x_wconf 88' lang='lat' dir='ltr'>hoc</span> <span class='ocrx_word' id='word_1_117' title='bbox 180 1946 255 1988; x_wconf 88' lang='lat' dir='ltr'>codice</span> <span class='ocrx_word' id='word_1_118' title='bbox 269 1948 317 1988; x_wconf 88' lang='lat' dir='ltr'>haec</span> <span class='ocrx_word' id='word_1_119' title='bbox 330 1948 450 1996; x_wconf 85' lang='lat' dir='ltr'>habentur,</span> <span class='ocrx_word' id='word_1_120' title='bbox 463 1948 578 1989; x_wconf 79' lang='lat' dir='ltr'>rideiicet:</span> 
     </span>
    </p>

    <p class='ocr_par' dir='ltr' id='par_1_6' title="bbox 28 2010 740 2393">
     <span class='ocr_line' id='line_1_20' title="bbox 83 2010 740 2065; baseline 0.006 -15"><span class='ocrx_word' id='word_1_121' title='bbox 83 2010 102 2050; x_wconf 84' lang='lat'>1.</span> <span class='ocrx_word' id='word_1_122' title='bbox 113 2033 122 2039; x_wconf 97' lang='lat'><em>-</em></span> <span class='ocrx_word' id='word_1_123' title='bbox 129 2012 217 2063; x_wconf 71' lang='lat' dir='ltr'>Reputo</span> <span class='ocrx_word' id='word_1_124' title='bbox 231 2012 254 2054; x_wconf 80' lang='lat' dir='ltr'>S.</span> <span class='ocrx_word' id='word_1_125' title='bbox 264 2013 292 2052; x_wconf 87' lang='lat' dir='ltr'>P.</span> <span class='ocrx_word' id='word_1_126' title='bbox 307 2013 427 2062; x_wconf 77' lang='lat' dir='ltr'>Benedicti,</span> <span class='ocrx_word' id='word_1_127' title='bbox 437 2013 603 2065; x_wconf 85' lang='lat' dir='ltr'>-pulcherrimo</span> <span class='ocrx_word' id='word_1_128' title='bbox 613 2014 740 2054; x_wconf 85' lang='lat' dir='ltr'>charactere</span> 
     </span>
     <span class='ocr_line' id='line_1_21' title="bbox 29 2074 740 2132; baseline 0.008 -18"><span class='ocrx_word' id='word_1_129' title='bbox 29 2075 54 2131; x_wconf 62' lang='lat' dir='ltr'>et&gt;</span> <span class='ocrx_word' id='word_1_130' title='bbox 60 2074 232 2128; x_wconf 79' lang='lat' dir='ltr'>elegantissimis</span> <span class='ocrx_word' id='word_1_131' title='bbox 241 2076 322 2118; x_wconf 87' lang='lat' dir='ltr'>litteris</span> <span class='ocrx_word' id='word_1_132' title='bbox 331 2078 427 2132; x_wconf 82' lang='lat' dir='ltr'>gothicis</span> <span class='ocrx_word' id='word_1_133' title='bbox 437 2079 573 2131; x_wconf 87' lang='lat' dir='ltr'>conscripta:</span> <span class='ocrx_word' id='word_1_134' title='bbox 585 2078 740 2120; x_wconf 87' lang='lat' dir='ltr'>desiderantur</span> 
     </span>
     <span class='ocr_line' id='line_1_22' title="bbox 29 2141 740 2196; baseline 0.007 -17"><span class='ocrx_word' id='word_1_135' title='bbox 29 2141 104 2180; x_wconf 88' lang='lat' dir='ltr'>tamen</span> <span class='ocrx_word' id='word_1_136' title='bbox 118 2141 198 2192; x_wconf 81' lang='lat' dir='ltr'>viginti</span> <span class='ocrx_word' id='word_1_137' title='bbox 212 2141 286 2193; x_wconf 89' lang='lat' dir='ltr'>priora</span> <span class='ocrx_word' id='word_1_138' title='bbox 299 2142 360 2192; x_wconf 76' lang='lat' dir='ltr'>folia,</span> <span class='ocrx_word' id='word_1_139' title='bbox 376 2155 426 2195; x_wconf 73' lang='lat' dir='ltr'>quae</span> <span class='ocrx_word' id='word_1_140' title='bbox 438 2144 584 2186; x_wconf 81' lang='lat' dir='ltr'>continebant</span> <span class='ocrx_word' id='word_1_141' title='bbox 596 2144 678 2196; x_wconf 76' lang='lat' dir='ltr'>viginti</span> <span class='ocrx_word' id='word_1_142' title='bbox 691 2155 740 2196; x_wconf 91' lang='lat' dir='ltr'>sep·</span> 
     </span>
     <span class='ocr_line' id='line_1_23' title="bbox 28 2205 739 2260; baseline 0.007 -15"><span class='ocrx_word' id='word_1_143' title='bbox 28 2206 73 2246; x_wconf 90' lang='lat' dir='ltr'>tem</span> <span class='ocrx_word' id='word_1_144' title='bbox 87 2205 159 2257; x_wconf 86' lang='lat' dir='ltr'>prima</span> <span class='ocrx_word' id='word_1_145' title='bbox 172 2206 264 2259; x_wconf 80' lang='lat' dir='ltr'>Reguiae</span> <span class='ocrx_word' id='word_1_146' title='bbox 280 2208 389 2260; x_wconf 84' lang='lat' dir='ltr'>capitula:</span> <span class='ocrx_word' id='word_1_147' title='bbox 412 2208 491 2255; x_wconf 78' lang='lat' dir='ltr'>ioiium</span> <span class='ocrx_word' id='word_1_148' title='bbox 504 2221 543 2250; x_wconf 61' lang='grc' dir='ltr'>ΚΧ]</span> <span class='ocrx_word' id='word_1_149' title='bbox 563 2210 600 2250; x_wconf 87' lang='lat' dir='ltr'>his</span> <span class='ocrx_word' id='word_1_150' title='bbox 618 2209 692 2250; x_wconf 79' lang='lat' dir='ltr'>verbis</span> <span class='ocrx_word' id='word_1_151' title='bbox 706 2209 739 2250; x_wconf 90' lang='lat' dir='ltr'>in-</span> 
     </span>
     <span class='ocr_line' id='line_1_24' title="bbox 29 2271 739 2327; baseline 0.006 -16"><span class='ocrx_word' id='word_1_152' title='bbox 29 2271 82 2322; x_wconf 86' lang='lat' dir='ltr'>cipit</span> <span class='ocrx_word' id='word_1_153' title='bbox 91 2294 100 2300; x_wconf 99' lang='grc'>-</span> <span class='ocrx_word' id='word_1_154' title='bbox 154 2272 211 2313; x_wconf 80' lang='lat' dir='ltr'>botis</span> <span class='ocrx_word' id='word_1_155' title='bbox 220 2274 374 2324; x_wconf 62' lang='lat' dir='ltr'>cresconiana,</span> <span class='ocrx_word' id='word_1_156' title='bbox 385 2276 405 2314; x_wconf 82' lang='lat' dir='ltr'>et</span> <span class='ocrx_word' id='word_1_157' title='bbox 418 2276 476 2327; x_wconf 62' lang='lat' dir='ltr'>paroc</span> <span class='ocrx_word' id='word_1_158' title='bbox 490 2275 560 2315; x_wconf 76' lang='lat' dir='ltr'>debite</span> <span class='ocrx_word' id='word_1_159' title='bbox 574 2276 622 2314; x_wconf 82' lang='lat' dir='ltr'>oroi</span> <span class='ocrx_word' id='word_1_160' title='bbox 635 2275 739 2326; x_wconf 73' lang='lat' dir='ltr'>prodicio-</span> 
     </span>
     <span class='ocr_line' id='line_1_25' title="bbox 29 2336 740 2393; baseline 0.006 -17"><span class='ocrx_word' id='word_1_161' title='bbox 29 2336 86 2376; x_wconf 78' lang='lat' dir='ltr'>botis</span> <span class='ocrx_word' id='word_1_162' title='bbox 99 2359 108 2366; x_wconf 97' lang='lat'><em>-</em></span> <span class='ocrx_word' id='word_1_163' title='bbox 122 2348 149 2378; x_wconf 80' lang='lat' dir='ltr'>ex</span> <span class='ocrx_word' id='word_1_164' title='bbox 163 2337 215 2391; x_wconf 83' lang='lat' dir='ltr'>Gap.</span> <span class='ocrx_word' id='word_1_165' title='bbox 232 2350 302 2380; x_wconf 75' lang='lat' dir='ltr'>rnrvn.</span> <span class='ocrx_word' id='word_1_166' title='bbox 325 2340 352 2381; x_wconf 89' lang='lat' dir='ltr'>In</span> <span class='ocrx_word' id='word_1_167' title='bbox 371 2339 416 2381; x_wconf 84' lang='lat' dir='ltr'>tine</span> <span class='ocrx_word' id='word_1_168' title='bbox 436 2340 526 2393; x_wconf 77' lang='lat' dir='ltr'>regulae,</span> <span class='ocrx_word' id='word_1_169' title='bbox 548 2339 601 2381; x_wconf 81' lang='lat' dir='ltr'>foiio</span> <span class='ocrx_word' id='word_1_170' title='bbox 615 2350 644 2381; x_wconf 70' lang='lat' dir='ltr'>XL</span> <span class='ocrx_word' id='word_1_171' title='bbox 664 2339 740 2381; x_wconf 87' lang='lat' dir='ltr'>rubris</span> 
     </span>
    </p>
   </div>
   <div class='ocr_carea' id='block_1_4' title="bbox 0 0 778 2506">
    <p class='ocr_par' dir='ltr' id='par_1_7' title="bbox 0 0 778 2506">
     <span class='ocr_line' id='line_1_26' title="bbox 0 0 778 2506; baseline 0 1"><span class='ocrx_word' id='word_1_172' title='bbox 0 0 778 2506; x_wconf 95' lang='lat' dir='ltr'> </span> 
     </span>
    </p>
   </div>
  </div>
 </body>
</html>
