1554 2489
303 65 482 97 consuanunmas

199 246 236 287 DE
251 245 395 289 CAPITULO
409 245 584 288 OOTTIDIANO

171 323 311 375 QUOMODO
338 324 373 365 ET
401 321 520 375 QUANDO
539 321 613 376 ΈΙΑΤ

304 430 431 460 CAPITULUM
442 429 479 460 XV.

98 545 227 598 Capitulum
247 544 394 586 cottidianum
415 555 501 596 semper
521 544 546 584 fit
566 543 617 595 post
642 542 744 597 primam,

38 610 83 650 nisi
106 610 196 662 quando
218 621 246 650 ex
259 608 368 650 accidenti
382 609 463 649 dieitm·
483 608 553 649 missa
573 608 649 649 votiva
670 607 746 648 statim

38 676 90 727 post
102 675 204 727 primam,
220 674 279 715 sicut
292 675 391 726 tempore
405 673 493 714 estatis:
509 674 564 715 tunc
577 672 701 726 capitulum
720 672 746 713 fit

37 741 88 792 post
102 739 201 780 nussam.
217 739 243 779 In
257 738 428 792 quadragesima
441 750 494 779 vero
503 738 528 779 in
537 738 655 781 ferialibus
665 738 744 779 diebus

38 805 63 845 fit
77 806 128 857 post
141 804 240 845 tertiam:
252 804 292 845 sed
301 803 392 855 quando
401 805 436 844 est
444 804 532 852 festum,
544 805 598 845 tunc
607 803 667 845 dicta
680 803 745 844 tertia

38 869 119 910 dicitan
132 868 203 909 missa
216 869 244 909 de
257 868 320 917 festo,
335 870 414 921 postea
426 868 452 909 fit
466 868 596 921 capitulum.
619 869 673 909 Post
687 869 745 920 eapi-

38 933 111 975 tulum
125 934 218 974 sonatur
237 934 313 974 statim
332 945 372 986 pro
394 935 463 982 sexta,
486 933 554 974 semel
572 934 671 974 tantum:
694 935 745 986 post
769 955 771 959 <

38 1001 124 1040 sextam
145 998 226 1040 dieitur
246 999 316 1039 missa
336 1000 364 1042 de
384 998 445 1039 feria.
467 999 523 1039 Post
542 998 634 1039 missam
652 999 745 1038 sonatur

37 1074 78 1115 pro
100 1067 162 1104 nona
184 1063 252 1105 semel
274 1064 374 1105 tantum.
398 1063 425 1104 ln
448 1062 566 1104 dominicis
587 1075 641 1104 vero
666 1062 762 1114 dicitas¹

38 1140 124 1180 semper
137 1128 163 1168 fit
180 1129 231 1180 post
244 1128 350 1180 primam:
361 1128 412 1170 ideo
425 1128 490 1169 finita
503 1129 576 1180 prima
590 1128 666 1168 statim
680 1129 745 1168 sonet

38 1194 177 1246 campanella
191 1193 220 1234 ad
233 1194 278 1235 duo
292 1217 301 1224 -
309 1196 354 1235 Ace
368 1195 449 1245 acetaria,
459 1217 468 1224 -
482 1194 511 1235 ad
520 1193 581 1246 quod
596 1193 686 1246 signum
700 1205 746 1233 om-

37 1270 79 1300 nes
92 1260 229 1300 concurrunt
237 1259 267 1300 ad
274 1259 349 1300 locum
358 1259 459 1300 sollitum
468 1259 568 1312 capituli,
579 1259 699 1310 sedeatque
708 1257 746 1298 ab·

37 1323 79 1365 bas
92 1324 128 1365 vel
141 1323 208 1377 prior,
224 1325 385 1377 cousequenter
394 1324 469 1366 cuncti
478 1324 524 1373 alii,
535 1326 557 1366 et
565 1324 634 1365 lector
647 1336 746 1377 pronun·

38 1389 91 1431 ctiet
104 1390 185 1430 etatem
198 1389 252 1430 lune
266 1391 333 1442 atque
347 1389 406 1430 diem
419 1390 503 1430 mensis
517 1401 543 1430 ac
564 1390 692 1430 sanctorum
704 1400 745 1440 pro

38 1455 136 1495 crastina
149 1453 185 1496 die
198 1454 312 1503 natalicia,
327 1457 350 1496 et
362 1455 387 1495 in
400 1454 445 1495 fine
459 1454 519 1496 dicat
532 1478 541 1484 -
549 1455 577 1495 Et
587 1454 687 1495 saliorum
692 1455 745 1507 pla

37 1521 149 1559 canoram
159 1520 288 1560 saltatorum
298 1521 426 1571 arcertprnm
436 1521 456 1560 et
465 1521 618 1570 confessorura
626 1520 691 1570 atque
699 1520 746 1559 aar·

37 1586 118 1636 platan
127 1606 136 1613 -
149 1583 234 1624 Deinde
250 1585 374 1637 surgentes
389 1584 466 1625 statim
480 1584 652 1625 ebdomadarius
665 1583 745 1636 incipit

37 1671 46 1678 -
53 1651 158 1690 Pretiosa
171 1651 197 1689 aa
211 1651 327 1701 conspectu
341 1652 434 1690 Domini
443 1673 452 1680 -
461 1649 540 1690 ordine
549 1661 598 1698 suo,
609 1661 661 1690 eum
670 1649 745 1690 lectio-

37 1726 66 1756 ne
80 1714 172 1768 capituli
186 1717 253 1767 atque
266 1715 359 1767 psalmis
370 1727 411 1767 pro
420 1715 522 1764 mortuis,
532 1717 558 1763 ut
567 1714 635 1756 moris
645 1715 685 1756 est.
696 1715 745 1756 Die-

38 1783 61 1821 to
75 1781 100 1821 in
112 1780 157 1822 fine
170 1782 334 1832 -aeqaascaat
346 1783 372 1821 in
382 1793 438 1833 pace
447 1804 456 1810 -
470 1782 492 1821 et
511 1792 619 1833 responso
639 1803 648 1810 -
657 1782 728 1821 Aeaea
737 1803 746 1810 -

38 1856 115 1885 omnes
129 1844 228 1893 sedeant,
243 1845 311 1886 lector
325 1844 419 1897 incipiat
431 1845 456 1886 in
469 1846 524 1886 nota
540 1845 662 1886 lectionum
675 1846 747 1886 matu-

38 1910 137 1950 tinarum
150 1910 223 1962 legere
236 1921 308 1950 anaim
321 1910 445 1962 capitulum
459 1909 536 1963 regule
550 1909 611 1961 qarod
627 1909 743 1962 competit:

37 1974 98 2026 prior
108 1976 182 2015 autem
191 1977 258 2027 prout
267 1975 347 2016 viderit
356 1975 459 2027 expedire
469 1976 566 2027 exponat
575 1974 611 2016 vel
624 1974 746 2024 latinaliter

37 2039 74 2081 vel
87 2040 207 2092 volgariter
221 2052 247 2081 ea
260 2053 304 2093 que
324 2041 408 2082 fuerint
429 2040 524 2082 dicenda
545 2040 604 2081 circa
621 2041 744 2090 materiam,

38 2107 112 2158 sitque
126 2117 212 2147 summe
226 2107 336 2148 sollicitus
350 2107 409 2148 eirca
417 2107 503 2156 fratres,
519 2109 545 2147 ut
554 2106 682 2159 intelligant
690 2118 745 2159 pon-

39 2172 81 2213 dus
94 2172 178 2224 regule,
194 2173 216 2213 et
224 2174 251 2213 ut
259 2172 332 2213 sciant
345 2184 389 2224 que
403 2172 494 2221 leviora,
505 2184 549 2225 que
558 2171 662 2224 graviora
671 2174 693 2213 et
702 2184 745 2224 que

38 2236 174 2286 essentialia,
195 2248 224 2278 ne
238 2238 350 2279 eontraria
363 2237 388 2278 in
401 2237 457 2290 ipsis
477 2238 622 2279 inveniantur
642 2238 665 2279 et
682 2237 746 2290 igno-

38 2303 109 2341 rantia
121 2314 145 2342 ae
154 2304 261 2343 excusent
270 2302 294 2343 in
303 2302 406 2353 pecoatis.
417 2303 481 2343 iuria
490 2302 613 2353 capitulum
620 2313 649 2343 nx
658 2302 681 2342 in
691 2302 743 2344 fine.
