1554 2489
62 46 88 86 18
197 54 199 58 ’
302 57 485 88 cousuurunruus

35 154 64 194 ad
71 154 507 206 antiphonamprimam,responsorium
514 154 609 206 longum
616 155 750 196 eteiusver-

35 232 99 260 sum:
114 221 138 260 in
152 219 270 260 matutinis
285 220 314 261 ad
328 219 486 266 Invitatorium
500 221 522 260 et
536 220 565 260 ad
578 219 674 273 primam
693 222 750 274 anti-¹

35 285 136 336 plionam
149 284 256 325 nocturni
269 287 321 338 post
334 285 432 337 primum
446 284 566 337 psalmum,
583 286 605 325 et
614 286 643 326 ad
652 287 750 338 primum

34 350 213 402 responsorium:
223 350 247 391 iu
254 350 361 391 laudibus
368 351 450 391 iterum
460 350 489 391 ad
498 350 646 402 antiphonam
654 351 750 403 primam

34 417 86 468 post
106 416 230 468 psalmum:
254 417 279 457 in
299 417 370 457 missa
387 417 417 458 ad
435 417 562 466 Introitum,
585 409 611 466 5.
630 416 751 459 Gradualis

35 484 57 522 et
75 481 105 522 ad
119 481 316 524 Communionem:
339 482 364 523 111
385 482 498 523 dominica
519 483 541 524 et
561 482 709 534 semiduplici,
724 483 750 524 in

34 548 233 601 primis-vesperis
255 548 284 588 ad
303 559 394 588 uersum
414 548 562 600 responsorii:
585 548 700 589 inmissa
721 549 751 590 ἃᾶ

34 626 194 665 11111913,-
215 612 346 662 lutroitum,
371 605 402 662 5'.
424 611 546 654 Gradualis
565 615 588 655 et
608 613 751 655 communio-

34 690 97 720 nem:
114 680 136 722 et
149 691 189 733 per
209 681 307 720 octavas.
331 678 358 719 In
377 678 435 719 festo
458 678 534 720 autem
555 680 640 732 duplici
661 680 748 729 maiori,

35 745 126 797 quando
140 746 244 786 cantatur
252 746 327 785 totum
336 743 440 794 officium,
451 745 476 785 in
485 746 585 798 vesperis
599 747 621 787 et
634 746 748 796 laudibus,

35 811 113 851 cantor
126 810 214 862 primus
227 809 290 850 solus
304 808 425 850 distribuat
439 809 577 862 antiphonas
590 822 637 851 non
651 811 750 863 perebo-

34 887 72 916 ros
85 876 140 916 hinc
154 877 222 927 atque
235 875 295 925 inde,
311 875 351 916 sed
370 887 410 927 per
431 875 531 916 seniores
554 876 583 916 ab
604 875 693 917 Abbote
713 877 750 918 vel

34 942 108 994 priore
121 941 256 994 incipiendo.¹
270 941 299 982 ln
313 941 365 982 aliis
383 942 459 982 autem
479 941 543 983 festis
563 943 589 983 ut
610 942 695 983 dietum
715 945 749 984 est

35 1007 172 1048 distribuant
182 1007 248 1047 ambo
259 1007 361 1047 cantores
375 1018 414 1058 per
428 1007 509 1047 choros
523 1018 578 1047 suos
591 1007 646 1048 binc
656 1008 678 1048 et
688 1008 748 1049 inde.

34 1072 70 1116 Ad
82 1084 188 1125 vesperas
201 1074 278 1114 tamen
292 1073 314 1114 et
327 1072 357 1113 ad
370 1072 452 1113 laudes
466 1072 491 1113 in
504 1072 590 1113 eisdem
603 1073 667 1114 iestis
680 1073 750 1114 maio-

33 1138 98 1181 ribus
111 1139 213 1179 cantores
227 1149 274 1178 non
287 1138 408 1190 imponunt
423 1137 568 1189 antiphonas,
584 1137 603 1178 si
612 1138 692 1179 iratres
703 1138 750 1179 sint

34 1203 180 1246 sufficientes:
196 1203 257 1245 idem
271 1205 372 1244 servatur
387 1203 414 1244 de
436 1203 539 1255 dyacono
561 1205 582 1244 et
604 1204 749 1256 subdyacono

33 1269 58 1310 in
71 1269 202 1324 prophetiis.
219 1268 302 1310 Cantor
316 1269 392 1309 autem
408 1268 504 1320 quilibet
517 1268 542 1309 in
556 1279 598 1309 suo
612 1269 681 1309 choro
692 1270 749 1310 anti·

33 1337 122 1389 phonas
136 1338 188 1387 post
201 1335 302 1387 psahnos
315 1335 379 1376 solus
391 1334 490 1388 imponit
503 1346 576 1386 usque
590 1335 619 1375 ad
636 1336 711 1376 locum
724 1336 749 1377 in

33 1412 78 1452 quo
93 1401 136 1442 due
154 1401 242 1453 virgula
262 1401 316 1441 sunt
337 1401 361 1441 in
381 1400 440 1441 libro
463 1399 558 1452 signate.
580 1400 664 1441 Eodem
681 1401 748 1442 modo

33 1466 73 1508 fiat
86 1467 111 1507 in
124 1467 201 1515 missa,
218 1468 239 1508 et
253 1466 282 1506 ab
297 1466 359 1507 omni
373 1465 497 1517 incipiente
511 1477 653 1518 quocumque
671 1467 747 1517 choro,

33 1534 125 1584 excepto
139 1532 201 1584 quod
213 1532 239 1572 in
252 1531 359 1574 omnibus
372 1531 437 1572 lestis
450 1531 579 1583 duplicibus
588 1531 670 1572 tamin
678 1532 749 1573 missa

34 1610 102 1651 quam
115 1599 140 1639 in
154 1597 273 1638 matutinis
287 1608 313 1638 ae
327 1597 426 1649 vesperis
437 1598 459 1637 et
465 1599 507 1649 per
517 1608 595 1638 omnes
604 1597 680 1647 boras,
691 1598 749 1638 anti-

33 1665 116 1717 phone,
130 1662 274 1715 responsoria
288 1663 310 1703 et
323 1673 403 1704 uersus
418 1661 487 1702 simul
501 1661 611 1713 incipiant
625 1664 647 1703 et
656 1663 749 1704 cantant

34 1729 90 1770 duo:
106 1728 206 1781 psalmos
220 1727 288 1768 etiam
297 1727 322 1767 in
331 1726 405 1767 medio
415 1726 485 1775 chori,
497 1726 581 1768 scilicet
590 1726 615 1766 in
624 1727 747 1768 maioribus

34 1795 154 1848 imponunt
168 1796 190 1835 et
210 1793 305 1834 earrtica.
327 1793 424 1845 Excepto
445 1792 506 1845 quod
526 1792 551 1833 in
571 1792 746 1844 primatertia,

35 1862 105 1910 sexta,
120 1872 182 1901 nona
200 1872 226 1901 ac
240 1858 385 1911 completorio
405 1860 495 1899 tantum
516 1858 614 1911 primum
634 1859 747 1911 psalmum

35 1925 138 1967 similiter
151 1925 176 1965 111
189 1923 263 1967 medio
277 1924 340 1967 chori
354 1923 443 1966 dicunt:
459 1922 559 1975 reliquos
573 1924 648 1964 autem
657 1924 747 1964 tantum

34 2003 95 2032 unus
109 1991 134 2031 in
147 1991 215 2031 choro
230 2001 279 2030 suo.
295 1989 322 2030 In
336 1988 421 2041 duplici
435 1988 517 2029 minori
531 1988 668 2041 antiphonas
686 1988 749 2030 simi-

32 2056 85 2098 liter
99 2055 166 2096 ambo
187 2054 254 2095 simul
275 2045 393 2106 incipiunt,
415 2054 515 2105 psalmos
536 2065 588 2096 vero
612 2066 638 2094 ac
651 2065 749 2106 ympnos

35 2122 130 2174 quilibet
156 2121 182 2161 in
205 2132 247 2160 suo
268 2119 336 2159 choro
357 2120 379 2162 et
398 2130 446 2162 non
470 2118 495 2160 in
520 2119 605 2167 medio.
628 2119 655 2160 In
681 2118 748 2160 utris-

34 2199 78 2238 que
98 2189 175 2228 tamen
195 2183 323 2237 duplicibus
342 2184 409 2224 ambo
428 2185 530 2225 cantores
549 2184 574 2224 in
592 2184 666 2225 medio
684 2184 747 2225 chori

34 2253 126 2293 cantant
146 2249 289 2303 responsoria
308 2248 386 2290 brevia
407 2249 429 2289 et
442 2271 451 2278 -
461 2249 622 2298 bertechranno,
636 2271 647 2278 -
658 2260 704 2300 que
722 2248 747 2290 in

34 2318 85 2360 aliis
98 2317 161 2359 festis
175 2315 238 2358 solus
257 2313 364 2357 accolitus
378 2313 461 2357 cantat.
483 2313 612 2357 Versiculos
632 2315 709 2354 tamen
722 2314 750 2361 inv
