1592 2492
33 137 747 216 ππ

122 488 251 546 Incipiunt
273 487 409 534 cerimonic
431 487 561 546 regularis
581 488 747 535 observancie

34 561 131 607 ordinis
157 559 312 607 sanctissimi
336 560 418 617 patris
443 560 528 606 nostri
551 560 691 617 Benedicti,
715 574 748 606 ex

33 633 116 690 ipsius
130 632 223 690 regula
240 633 346 690 sumpte,
370 632 508 678 secimdum
528 631 596 689 quod
618 631 649 693 in*
667 632 748 678 sacris

33 705 98 751 locis
113 705 196 750 sancti
211 704 292 761 Specu
307 706 334 750 et
348 704 502 750 Monasteric
518 704 667 750 Sublacensi
677 717 749 760 prac-

34 777 153 822 ticantm.
169 776 199 822 Iu
211 776 310 822 nomine
321 776 403 833 patris
415 778 441 823 et
451 776 500 821 filii
510 777 536 822 et
546 776 655 833 spiritus
665 775 749 822 sancti

36 863 114 895 amen.

90 962 197 1014 Quamvis
210 963 335 1004 beatissimi
353 963 424 1015 patris
444 962 516 1003 nostri
537 962 652 1003 Benedicti
670 962 749 1014 regula

37 1027 224 1069 sufficientissime
238 1040 265 1069 ac
278 1028 337 1069 clare
350 1027 460 1081 regularis
474 1027 520 1068 vite
534 1026 644 1079 exprimat
657 1027 750 1067 modum

37 1104 63 1134 ac
76 1093 178 1142 formam,
197 1093 263 1134 beato
282 1094 339 1134 teste
357 1092 464 1145 Gregorio
483 1092 582 1133 secimdo
601 1091 750 1144 dyalogoium

36 1159 94 1200 libro
109 1159 141 1200 sic
155 1159 253 1200 dicente:
274 1157 367 1211 Scripsit
381 1160 456 1199 autem
474 1159 509 1198 uir
528 1159 621 1199 sanctus
639 1157 748 1211 reguiam,

37 1226 82 1266 etc:
98 1225 183 1266 Tamen
196 1225 251 1277 quia
264 1224 377 1265 modernis
390 1225 529 1277 temporibus
543 1226 592 1265 tum
601 1225 691 1276 propter
704 1235 751 1264 mo-

37 1291 118 1332 nastici
132 1291 217 1331 ordinis
231 1291 327 1343 lapsum,
342 1292 392 1331 tum
406 1291 473 1331 etiam
486 1292 577 1343 propter
590 1291 665 1330 varias
680 1290 751 1330 diver-

37 1357 117 1397 sorum
127 1346 314 1397 monasteriorum
328 1356 356 1397 oh
367 1356 477 1397 detectum
490 1357 647 1397 visitationum
658 1367 752 1396 consue-

37 1422 128 1462 tudines
141 1422 166 1462 in
179 1421 258 1462 multis
271 1422 398 1462 cerimoniis
411 1421 554 1474 regularibus
567 1422 592 1462 in
605 1421 685 1474 regula
701 1421 752 1472 ipsa

38 1486 154 1538 descriptis
169 1487 236 1538 atque
250 1486 361 1538 expressis
374 1486 443 1526 uariis
456 1487 520 1526 uaria
532 1487 566 1527 est
574 1486 658 1538 praxis,
675 1497 752 1538 ymmo

37 1552 63 1592 in
71 1552 189 1593 nonnullis
197 1552 307 1604 regularis
316 1552 414 1604 practica
426 1552 492 1604 quasi
501 1564 540 1604 per
550 1552 627 1592 omnia
636 1552 661 1591 in
671 1552 752 1592 obscu-

37 1618 126 1658 ritatem
140 1629 248 1658 conversa
257 1619 297 1666 est,
308 1618 341 1658 ita
354 1618 458 1658 videlicet
466 1619 493 1658 ut
506 1629 553 1658 non
567 1618 613 1658 sint
627 1617 753 1669 practicata

38 1684 63 1724 in
76 1695 149 1737 opere
165 1684 232 1725 etiam
254 1684 304 1736 ipsa
322 1683 387 1725 aliter
405 1696 474 1736 quam
492 1683 551 1725 clare
570 1684 652 1724 sonent
670 1683 753 1736 intelli-

38 1748 120 1803 gantur
129 1749 198 1790 verba
210 1749 288 1802 regule
301 1751 385 1790 sancte.
397 1749 470 1800 Quare
478 1761 519 1801 pro
534 1749 628 1801 aliquali
637 1749 753 1789 introduc-

38 1815 100 1855 tione
114 1826 191 1855 eorum
205 1806 250 1867 que
262 1815 334 1867 ipsius
347 1815 424 1868 regule
438 1816 549 1856 amatores
568 1815 686 1867 sanctique
703 1826 754 1866 pro-

38 1878 134 1920 fessores
143 1880 250 1929 existunt,
259 1892 351 1932 presens
365 1880 498 1921 describitur
511 1880 644 1920 breuissima
653 1879 754 1920 formula

39 1945 84 1985 ute
93 1945 203 2001 regularis
213 1945 299 1986 ordinis
312 1947 339 1986 ut
347 1945 483 1998 practicatur
496 1945 521 1985 in
530 1956 594 1985 sacro
607 1944 657 1985 loco
667 1944 754 1997 Specus

39 2010 111 2062 ipsius
125 2010 165 2062 qni
178 2010 254 2062 ipsum
268 2022 296 2051 ex
309 2011 379 2051 huius
397 2010 477 2051 mundi
494 2010 613 2063 naufragio
631 2010 754 2062 fugientem

40 2076 145 2127 suscepit,
156 2077 224 2128 atque
234 2089 248 2117 a
257 2076 343 2117 cunctis
352 2076 482 2117 mortalium
491 2076 570 2125 oculis,
585 2078 612 2117 ut
620 2076 754 2117 mortalibus

40 2142 118 2182 contra
131 2141 210 2181 mortis
226 2143 301 2182 eterne
315 2142 415 2193 pericula
433 2154 474 2182 suc
493 2143 592 2193 tempore
606 2143 673 2193 aptus
691 2141 755 2181 fieret

39 2206 146 2255 medicus,
162 2207 229 2247 annis
242 2207 315 2247 tribus
329 2218 353 2247 se
367 2207 492 2248 abscondit.
508 2207 555 2247 Hec
568 2208 644 2247 autem
658 2205 755 2247 formula

43 2283 58 2312 a
75 2272 218 2325 completorio
232 2272 257 2312 in
275 2271 445 2324 completorium
458 2272 531 2313 tocius
544 2271 617 2312 noctis
627 2273 695 2324 atque
710 2270 755 2311 diei

43 2337 144 2388 tempora
157 2348 202 2389 quo
216 2336 246 2377 ad
259 2349 286 2378 ea
299 2349 343 2389 que
356 2337 453 2389 singulis
466 2337 529 2377 horis
547 2336 635 2388 agenda
657 2337 718 2386 sunt,
734 2337 756 2376 et
