1560 2498
304 82 433 117 carmenum
442 86 462 116 L.

94 258 131 299 Dll
145 257 292 300 MAGISTRO
306 254 489 298 NOVICIORUM
507 254 542 296 ΕΤ
557 252 645 295 NOVIC
658 252 684 294 IS

305 394 433 424 CAPITULUM
452 395 474 422 L.»

86 509 192 560 Magister
205 508 346 547 noviciorum
360 506 457 558 eligatur
466 506 564 557 sapiens,
579 516 640 545 unus
654 505 682 545 de
696 517 748 545 con-

34 575 104 615 ventu
124 573 262 626 spiritualior
283 572 322 624 qui
342 571 421 612 haberi
441 572 523 625 potest,
548 570 659 612 discretus
681 572 749 623 atque

35 639 147 693 sapienter
160 639 304 691 temperatus,
320 637 360 691 qui
376 649 418 679 sua
434 637 556 679 indiscreta
570 636 688 678 sever'tate
702 648 749 678 non

33 706 128 759 repellat
145 705 254 754 novicios,
273 717 315 746 nec
332 704 404 745 nimia
417 704 550 746 remissione
568 703 669 757 negligat
687 704 750 756 ipsos

34 772 136 825 probare.
152 771 195 822 Qui
204 771 288 812 novicii
301 771 398 823 qualiter
411 771 549 823 suscipiendi
559 772 627 822 atque
638 770 751 810 tractandi

35 837 82 877 sint
95 836 230 877 sufficienter
243 838 277 876 est
291 847 421 888 expressum
435 836 460 876 in
474 835 574 887 capitulo
591 846 646 875 tvm
664 834 749 886 regule,

35 901 63 941 de
77 900 203 952 disciplina,
222 900 333 948 videlicet,
353 900 548 951 suscipiendorum
561 899 668 947 fratrum3
690 898 752 951 quod

37 965 67 1006 ad
74 965 172 1006 litteram
181 966 291 1006 teneatur.
307 965 353 1017 lpsi
366 965 443 1005 tamen
456 964 548 1013 novicii,
563 965 590 1005 ut
601 963 656 1005 dicit
664 963 750 1016 regula,

37 1032 143 1072 maneant
161 1030 186 1071 in
206 1030 273 1072 (lenio
293 1030 410 1082 hospitum
433 1030 520 1083 aliquot
541 1029 596 1079 dies,
621 1029 646 1070 in
669 1028 753 1081 uiribus

38 1097 139 1138 sollicite·
155 1098 245 1138 notetur
266 1109 344 1138 eorum
362 1097 517 1146 conversacio,
542 1096 597 1149 quia
617 1096 710 1149 possent
728 1107 754 1137 se

37 1164 154 1204 ostendere
164 1163 196 1204 sic
206 1163 267 1215 quod
273 1175 320 1204 non
330 1165 405 1204 essent
415 1162 552 1215 suscipiendi
563 1162 592 1203 acl
599 1162 751 1203 noviciatum:

37 1229 59 1268 si
72 1231 148 1269 tamen
162 1229 282 1269 ostendant
295 1229 379 1268 bonam
392 1228 540 1276 voluntatem,
551 1228 640 1268 etiamsi
653 1227 754 1278 quando-

38 1304 84 1343 que
99 1292 214 1339 excedant,
232 1292 353 1332 dummodo
370 1292 419 1332 sine
440 1292 617 1332 contradictione
635 1291 755 1343 correptio-

38 1367 92 1396 nem
108 1356 155 1407 apti
171 1357 225 1396 sunt
240 1356 345 1407 recipere,
362 1368 410 1396 non
425 1358 568 1407 respuentur.
586 1356 611 1397 Si
628 1356 704 1396 autem
721 1355 754 1395 sic

38 1421 205 1473 presumptuosi
221 1420 311 1471 tuerint,
329 1420 394 1471 idest,
412 1422 438 1462 ut
458 1421 537 1474 pocius
556 1421 659 1463 venerint
676 1420 757 1462 (locere

40 1499 109 1539 quam
122 1486 203 1537 doceri,
218 1487 349 1529 nullatenus
364 1488 509 1540 accipiantur,
526 1489 615 1530 etiamsi
626 1488 754 1530 cuiuscum-

39 1565 85 1605 que
99 1555 171 1595 status
185 1555 225 1594 aut
241 1554 380 1595 condicionis
397 1555 506 1596 existant:
522 1555 577 1607 quia
592 1567 639 1596 non
655 1554 756 1607 proderit

42 1620 161 1661 animabus
184 1631 262 1660 eorum
281 1631 323 1661 nec
346 1621 495 1661 monasterio.
516 1621 657 1663 Vestimenta
680 1622 757 1660 autem

41 1686 182 1726 noviciorum
198 1685 244 1725 sint
264 1686 323 1726 sicut
343 1687 514 1735 monachornm,
534 1688 626 1737 excepto
641 1686 703 1738 quod
715 1697 757 1737 pro

42 1749 154 1800 scapulari
167 1750 256 1800 portent
271 1750 389 1800 capucium
406 1762 515 1803 magnum
529 1750 578 1791 sine
598 1751 678 1798 cauda,
696 1749 759 1800 quod

42 1824 84 1854 nos
98 1824 205 1853 vocamus
218 1812 351 1862 barbutam3
362 1815 384 1855 et
397 1814 447 1855 loco
457 1814 552 1863 cuculle,
563 1814 698 1855 mantellum
707 1813 757 1854 lon-

42 1890 98 1932 gum
112 1879 164 1920 ante
178 1879 287 1931 apertum,
298 1879 389 1933 nigrim]
403 1882 443 1922 aut
456 1881 524 1934 grisei
533 1881 622 1922 coloris.
638 1881 695 1922 Item
704 1882 758 1922 ante

44 1956 130 1986 annum
139 1944 251 1987 decimum
260 1947 366 1987 octavum
374 1947 439 1988 nullo
451 1947 518 1989 modo
527 1947 671 2000 recipiantur,
680 1958 759 1999 quam-

44 2011 79 2052 vis
90 2011 169 2063 regula
178 2012 206 2053 de
214 2012 290 2063 pueris
299 2012 368 2053 faciat
377 2014 525 2063 mencionem,
536 2014 661 2055 secrmrlmn
669 2014 759 2064 tempus

45 2076 112 2124 enim,
128 2076 271 2118 condiciones
291 2077 411 2119 hominum
432 2091 475 2131 que
495 2079 563 2120 morlo
580 2080 680 2127 currrmt,
695 2078 760 2118 nullo

44 2140 112 2181 modo
126 2141 222 2193 expedit,
237 2144 304 2193 prout
317 2144 456 2194 experientia
469 2155 548 2184 omnes
557 2143 675 2195 religiosos
684 2143 712 2182 (le
721 2143 761 2182 ob-

3 2211 5 2213 ·
45 2205 165 2257 servantia·
173 2205 280 2246 moderno
294 2208 394 2258 tempore
414 2208 510 2248 edocuit.
534 2208 580 2259 Ipsi
601 2207 661 2247 enim
677 2207 761 2247 novicii

46 2279 88 2308 suo
97 2269 205 2320 magistro
215 2269 371 2320 confiteantur,
382 2271 428 2312 nisi
441 2272 536 2312 forsitan
545 2283 592 2317 non
602 2282 680 2320 omnes
689 2270 762 2323 possit

46 2333 131 2384 audire,
143 2333 179 2376 vel
188 2347 255 2377 casus
264 2336 336 2377 forent
345 2339 461 2383 reservati.
476 2337 583 2380 Ordinem
592 2349 658 2379 suum
668 2338 762 2378 teneant
