1560 2498
297 67 425 99 carruvium
436 68 499 98 nurui
703 55 730 96 49

44 167 121 207 cantat
141 165 177 206 vel
197 166 332 219 pronunciat
353 167 397 207 stet
415 177 537 207 conversus
555 164 585 205 ad
601 163 677 213 altare,
698 163 757 204 sicut

44 231 133 273 accoliti
153 233 267 282 oantores;
289 231 387 285 exceptis
402 231 447 283 -qui
468 231 546 272 dicunt
567 228 721 271 absolutiones
735 229 758 269 et

44 298 212 339 benedictiones
226 300 279 339 aute
292 298 407 346 lectiones
418 297 458 349 qui
471 298 525 337 tunc
539 298 599 337 stent
608 297 687 337 contra
700 295 758 336 alios

44 363 115 413 verst3
137 363 182 405 nisi
200 364 262 417 quod
282 365 337 404 tuno
357 362 387 404 ad
406 361 584 403 benedictionem
605 361 758 415 evangelicam

44 431 97 471 ante
111 429 228 479 Omeliam
248 427 339 482 quando
360 426 429 469 lector
450 428 504 469 dicit
517 451 526 457 -
537 429 599 478 Jobe,
608 451 618 457 -
632 428 653 469 et
667 439 761 480 genera·

44 495 95 537 liter
113 496 143 536 ad
156 507 222 537 omne
243 494 400 547 evangelium,
422 495 482 535 stent
502 493 561 534 versi
582 505 659 534 omnes
680 494 758 533 contra

45 562 122 603 altare.
137 562 235 613 Excepto
249 561 317 601 etiam
331 560 422 613 quaudo
436 559 560 612 imponitur
578 559 703 611 antiphona
718 560 759 599 aut

45 628 154 682 psalmus,
170 626 232 680 quod
250 625 318 668 ctiam
338 638 385 667 non
405 627 492 679 oportet
512 626 561 667 fieri
581 626 660 666 contra
680 625 759 673 altare,

45 694 91 735 nisi
111 693 174 734 fieret
193 692 218 733 in
236 691 310 734 medio
331 692 401 733 chori.
423 691 459 733 Ad
472 682 609 745 -preeiosu-
622 691 644 731 in
660 689 761 742 capitulo

45 771 85 812 per
98 760 171 800 totum
185 755 272 800 stamus
281 758 352 800 versis
361 757 462 799 vultibus
474 770 486 799 e
495 757 625 810 regionibus
635 757 713 797 contra
722 767 758 796 se:

45 825 138 876 excepto
159 824 250 876 qirando
266 823 348 876 legitur
362 824 387 864 in
400 823 560 875 martyrologio
581 823 621 863 aut
634 821 659 862 in
672 820 759 873 regula,

45 889 82 930 vel
96 889 191 930 dicimus
205 889 295 942 culpas:
311 890 367 930 tunc
379 888 459 929 fratres
473 888 559 929 sedent.

73 1085 110 1126 DE
129 1084 282 1127 CAPITULO
296 1084 332 1125 ET
347 1084 449 1126 CULPIS
470 1084 500 1124 IN
514 1082 657 1125 DOltllNlCA
671 1082 721 1123 Diu

293 1219 422 1249 GAPITULUM
435 1220 514 1249 XXXIII.

101 1404 128 1446 In
142 1404 255 1446 dominica
266 1404 308 1445 liat
322 1404 446 1457 capitulum
460 1404 538 1445 eodem
552 1404 619 1445 modo
640 1404 699 1445 sicut
717 1404 763 1445 alio

45 1470 90 1519 die,
105 1469 150 1510 nisi
164 1470 226 1522 quod
239 1470 312 1522 (post)
327 1469 490 1521 expositionem
510 1469 594 1522 regule,
612 1468 719 1510 officiales
734 1481 762 1510 ex

47 1534 127 1575 tabula
135 1534 273 1585 precedentis
283 1534 406 1581 ebdomade
419 1534 544 1574 secundum
555 1533 664 1582 ordinem,
676 1533 762 1574 scilicet

48 1599 228 1648 ebdomadarius,
243 1599 358 1647 accolitus,
374 1600 453 1640 cantor
466 1600 515 1648 etc„
529 1599 606 1639 dicant
620 1611 675 1639 suas
683 1599 763 1651 culpas

11 1693 13 1697 .
46 1665 76 1705 de
89 1665 232 1717 negligentiis
246 1667 268 1706 et
282 1665 405 1706 defectibus
418 1677 457 1717 per
471 1671 509 1705 eos
524 1664 658 1722 commissis,
669 1667 691 1705 et
701 1666 763 1717 quod

49 1742 96 1771 non
110 1730 270 1782 compleverint
283 1742 326 1770 sua
339 1730 412 1771 officia
425 1741 476 1770 cum
490 1730 619 1778 devocione,
639 1731 764 1771 reverentia

32 1796 223 1849 etdiligentia.
247 1796 275 1836 Et
295 1807 335 1848 pro
358 1796 483 1848 penitentia
505 1796 638 1848 iniungatur
658 1796 764 1837 omnibus

48 1861 183 1902 officialibus
197 1862 260 1902 chori
281 1863 393 1914 quatenus
412 1862 502 1902 iaceant
522 1861 628 1913 prostrati
642 1862 689 1902 ad·
703 1863 765 1902 soloe

47 1930 131 1979 *repleo
140 1950 149 1957 -
162 1929 214 1980 post
228 1929 321 1968 sextam.
332 1927 443 1969 Officiales
451 1923 531 1968 'autem
539 1927 650 1968 refectorii
659 1929 765 1980 prostrati

48 1992 111 2033 stent
125 1992 154 2033 ad
171 1991 350 2034 benedictionem
369 2004 452 2033 mense.
475 1991 545 2045 Culpa
565 1994 642 2033 autem
662 1993 766 2035 dicantur

51 2057 154 2106 menter,
170 2057 248 2098 eodem
262 2057 329 2098 modo
343 2069 389 2110 quo
403 2057 532 2098 dictumest
546 2069 621 2110 supra.
633 2058 660 2099 nt
669 2059 702 2099 ibi
710 2060 766 2100 tunc

49 2122 214 2163 admoneantur
222 2134 248 2164 ac
254 2123 447 2175 reprehendantur
457 2122 573 2164 caritative
582 2124 678 2175 quinon
687 2124 766 2177 legunt

50 2188 89 2229 vel·
101 2189 200 2238 cantant,
216 2188 252 2230 vel
266 2201 313 2230 non
327 2189 444 2241 prevident
464 2188 579 2238 lectiones,
595 2190 635 2230 aut
653 2190 710 2231 alias
728 2201 767 2231 ne-

49 2253 172 2307 gligentias
185 2256 330 2296 committunt
339 2257 361 2296 et
370 2268 417 2296 non
431 2256 508 2296 tenent
517 2266 659 2296 communem
673 2257 767 2298 modum

50 2312 177 2361 secundum
191 2322 325 2380 cerimonias
339 2324 362 2364 ct
375 2320 550 2364 consuetudines
564 2322 687 2371 regulares.
