1554 2489
63 34 106 88 34*
208 57 210 61 ’
303 57 484 88 cossnnruarrras

36 155 127 196 torium.
142 154 178 195 Ad
191 154 336 207 nratutinum,
347 154 438 206 qrrando
448 154 552 195 cantatur
564 155 638 194 totum
646 154 750 202 officium,

37 222 139 261 cantores
160 220 286 261 induuntur
304 220 371 261 cottis
392 219 548 261 ante'trinam
569 220 700 273 orationem,
723 218 752 259 ad

37 285 200 326 invitatorium.
211 285 239 326 nt
253 286 305 326 ante
319 285 423 326 ultimam
437 285 556 326 lectionem
570 285 665 325 sacrista
677 285 752 336 portat

36 349 135 401 pluviale
150 351 172 391 et
186 351 270 392 cottam
284 352 306 391 et
320 351 428 391 amictum
441 362 481 402 pro
503 349 625 399 sacerdote,
646 351 668 390 θῖ
688 349 753 402 ponit

35 426 104 466 super
118 415 189 457 altare
203 417 255 457 ante
270 415 414 465 sacerdotem,
424 417 446 457 θῖ
460 415 517 456 duas
527 409 599 455 cottas
608 426 648 466 pro
663 414 752 455 duobus

36 479 145 529 accolitis,
161 482 183 521 et
197 481 242 522 duo
257 480 393 521 camlelabra
406 492 458 521 cum
473 479 549 529 cercis,
565 480 587 520 et
609 479 752 520 thuribulum

36 547 59 586 et
73 546 198 587 incensum.
213 547 241 587 nt
255 545 344 586 accoliti
358 546 457 587 induunt
471 558 502 596 se,
518 547 540 587 et
561 545 590 586 ad
611 539 752 598 evangelium

36 613 60 652 et
74 612 198 653 orationem
211 611 336 652 incendunt
350 623 432 653 cereos.
449 612 544 664 Quando
560 624 612 653 uero
627 613 661 653 θεῖ
670 611 753 664 duplex

37 677 112 717 maius
126 679 148 717 et
162 678 269 729 incipitur
283 678 374 717 cantare
389 689 402 717 a
416 677 522 726 Cairticis,
538 679 592 718 tunc
607 677 689 718 Cantor
698 677 753 718 dicit

38 741 196 782 [imitatorium
210 742 259 782 sine
273 743 344 781 cotta:
361 742 390 782 ad
404 741 497 782 Cantica
510 742 610 783 induunt
624 754 648 783 se
661 744 751 792 tamen,

37 808 142 848 sacerdos
156 820 209 848 vero
224 809 245 849 et
259 808 348 848 accoliti
362 809 388 848 ut
402 820 471 860 supra
485 797 621 857 dictumest,
632 810 673 849 etc.
689 809 754 849 Dicta

37 885 90 914 vero
104 875 206 915 oratione
220 875 244 915 in
258 874 372 923 laudibus,
388 874 492 915 sacerdos
516 874 606 915 recedat
627 875 704 915 statim
725 875 754 915 a'd

38 942 124 992 partem
138 952 189 981 cum
203 940 313 981 ministris
323 952 408 981 exuens
418 952 454 981 se:
465 941 555 981 interim
566 942 669 981 cantores
676 941 754 981 dicunt

37 1028 46 1033 -
53 1006 216 1046 Bc'nediccnrns
231 1006 328 1045 [loratino.
338 1028 347 1034 -
355 1004 398 1056 Qui
408 1005 462 1045 dum
472 1005 554 1046 chorus
564 1004 618 1045 dicit
631 1028 640 1034 -
648 1007 692 1045 Deo
702 1019 754 1057 pra-

39 1072 100 1110 tics-
113 1071 216 1111 similiter
230 1072 314 1112 exuent
328 1082 358 1119 se,
374 1073 453 1111 euntes
477 1070 562 1123 singuli
584 1071 613 1111 ad
633 1071 683 1111 loca
704 1083 752 1112 sua.

39 1135 74 1175 Ad
87 1147 192 1188 vesperas
213 1147 273 1184 vero,
296 1135 355 1176 dicta
376 1136 485 1189 oratione,
508 1147 555 1176 non
577 1136 692 1185 recedunt,
715 1137 755 1177 sed

39 1201 116 1241 omitia
129 1201 213 1242 ibidem
226 1201 367 1253 complentur
381 1213 433 1241 cum
451 1202 535 1242 -Salue
556 1203 686 1252 rapiare-et
707 1214 755 1242 ora-

39 1265 101 1306 tione
114 1265 185 1314 finali,
196 1278 240 1318 que
250 1277 336 1317 seraper
346 1266 451 1306 amariore
465 1265 557 1306 dicitrn:
574 1277 619 1317 epra
633 1266 750 1318 completa,

39 1332 182 1371 reuertuntur
196 1331 225 1372 ad
239 1330 365 1371 sacristiam
378 1342 404 1371 eo
423 1331 501 1371 ordine
522 1342 567 1382 quo
588 1332 703 1371 venerant.
726 1332 754 1372 ut

39 1396 165 1436 notandum
179 1396 241 1448 quod
254 1396 278 1435 in
292 1396 394 1436 omnium
413 1396 520 1436 horarum
534 1395 579 1436 fine
589 1395 675 1436 dicatur
689 1398 756 1447 -fida-

41 1462 97 1501 liuza
112 1464 203 1503 caime-
217 1473 268 1503 cum
283 1462 384 1502 oratione
398 1462 522 1510 dominica,
543 1463 634 1513 excepto
656 1462 717 1514 quod
731 1462 756 1502 in

39 1528 114 1569 terciis
128 1529 219 1581 quando
233 1528 335 1580 sequitur
356 1528 432 1577 missa,
449 1528 508 1569 dicto
522 1529 716 1569 -Bcncdiccaans-
730 1531 753 1570 θῖ

39 1596 100 1634 -Deo
119 1596 223 1645 prabos·
238 1594 314 1634 statim
328 1594 435 1646 incipitur
449 1594 525 1634 missa.
541 1593 568 1633 In
584 1594 757 1646 quadragesima

40 1660 116 1699 tamen
130 1659 221 1710 quando
235 1659 305 1699 missa
319 1658 400 1699 dicitur·
414 1661 466 1711 post
480 1660 567 1699 sextam
585 1658 689 1699 similiter
710 1655 757 1700 non

41 1723 122 1764 dicitur
136 1747 145 1753 -
160 1726 262 1775 fideliam
273 1747 282 1752 -
301 1735 375 1775 neque
389 1724 418 1764 ad
435 1724 535 1772 terciam,
551 1723 619 1764 etiam
640 1724 659 1764 si
680 1724 757 1764 statim

41 1790 111 1830 missa
120 1790 232 1842 sequitur:
248 1789 313 1829 finita
323 1790 398 1830 autem
408 1790 509 1830 oratione
519 1788 640 1839 dominica,
657 1790 676 1830 si
693 1789 757 1830 incli-

41 1855 117 1895 nando
131 1857 165 1896 est
179 1855 246 1904 dicta,
261 1854 301 1895 fiat
315 1854 406 1907 signum
421 1855 450 1894 ab
465 1854 557 1903 abbate,
569 1855 591 1895 et
609 1854 757 1907 genuflecten-

40 1920 103 1960 tibus
124 1920 230 1960 fratribus
252 1910 366 1968 mnitibus,
388 1919 466 1960 Abbas
487 1919 547 1960 dicat
566 1942 575 1948 -
592 1921 698 1960 <leviticas
719 1922 757 1961 slat

41 1987 106 2026 acolis
129 1999 196 2026 sturm
216 1998 302 2038 procera.
312 2008 321 2014 -
334 1985 362 2025 Et
381 1997 459 2026 omnes
472 1985 624 2036 respondeant
637 1988 757 2035 -rlnrcm-

41 2052 122 2093 deinde
136 2053 243 2104 sepiatur
261 2051 344 2092 -Salae
358 2053 445 2103 rapina,
453 2075 462 2081 -
471 2051 533 2104 quod
546 2063 632 2103 semper
646 2064 660 2092 a
673 2052 758 2093 maiore

42 2118 170 2169 incipiatur,
186 2117 234 2160 sive
253 2116 341 2167 legatur
362 2116 410 2157 sive
430 2113 539 2157 cantetur.
563 2116 669 2157 Similiter
690 2129 758 2169 genu-

41 2183 108 2224 flexio
130 2184 151 2223 et
173 2182 253 2223 erectio
268 2193 282 2221 a
295 2181 380 2222 nraiore
400 2181 528 2234 incipiatur,
543 2181 589 2222 nisi
609 2181 684 2222 forsan
699 2182 758 2222 esset

42 2248 165 2288 alienatus:
181 2249 235 2288 tunc
249 2246 278 2286 ab
293 2246 338 2286 alio
352 2247 439 2287 seniore
459 2247 506 2287 fiat.
528 2245 565 2286 Ad
585 2245 755 2301 completorium

42 2314 118 2354 tamen
131 2313 171 2354 fiat
184 2313 209 2353 in
222 2311 274 2360 fine,
290 2313 316 2353 ut
329 2312 354 2352 in
370 2312 480 2364 principio
501 2310 553 2351 libri
574 2311 714 2352 dictumest.
730 2311 757 2351 ln
