1560 2498
276 87 405 125 carirunun
427 87 482 117 nnn
569 64 570 67 ¹
684 77 710 117 33

77 184 104 232 ln
124 184 226 236 utrisque
246 183 346 235 vesperis
366 183 425 224 facto
446 182 545 224 secundo
569 183 634 235 signo
660 194 740 223 ornnes

24 249 103 303 iratres
117 250 253 291 conueniant
266 249 291 290 in
307 249 410 290 sacristia
424 249 446 288 et
460 249 536 289 dicant
550 248 619 289 simul
640 248 739 288 officium

15 314 126 355 nornine:
149 314 239 355 interim
252 314 334 354 vestiat
348 325 372 354 se
393 313 497 353 sacerdos
518 314 540 354 et
562 313 660 354 ministri
681 313 740 354 sicut

25 381 158 421 consuetum
172 381 213 429 est,
229 379 333 420 sacerdos
347 378 437 427 arnicto⁷
453 379 513 418 cotta
527 380 549 418 et
562 379 669 430 pluuiali3
688 391 740 420 can-

25 445 85 485 tores
99 445 121 485 et
135 444 224 485 accoliti
238 444 311 483 cottis.
327 442 409 482 Finitis
422 443 522 494 vesperis
541 442 568 482 cle
582 443 681 492 domina,
696 443 741 484 hoc

26 508 93 549 motio
107 509 230 561 procedant
241 508 273 548 ael
286 507 392 548 chorum:
408 507 480 559 primo
494 507 616 560 precedant
629 510 738 558 cantores,

26 574 107 614 deinde
116 573 249 621 ceroferarii⁷
258 573 327 613 tercio
335 572 500 612 thuribularius
513 572 604 612 dextera
613 583 682 612 nianu
689 573 741 625 thu-

26 638 126 680 ribulum
140 640 161 679 et
175 638 268 679 sinistra
289 639 383 689 portans
397 637 527 678 incensum:
543 637 623 678 ultimo
638 638 742 679 sacerdos

28 715 102 745 coram
116 703 183 744 altari
196 703 330 755 proeeclens;
346 703 368 744 e't
381 704 445 743 stans
458 703 484 743 in
504 703 578 743 inedie
596 703 743 743 accolitorum

28 770 98 821 ponat
118 769 236 809 incensum
254 768 278 808 in
299 762 430 817 thuribula
447 779 492 820 quo
513 769 604 820 accepto
625 768 653 808 de
672 779 743 808 manu

28 833 133 883 ministri,
144 833 280 886 genuflectat
294 845 369 874 coram
383 828 449 873 altari
459 834 482 874 et
491 833 580 874 adoleat
589 833 659 874 altare
668 833 743 873 maius

28 900 125 948 tanturn,
140 899 184 939 isto
194 898 267 939 inodo:
283 898 355 950 primo
365 898 390 939 in
399 898 473 939 medio
482 899 610 950 incipiendo
620 898 656 939 his
665 898 701 938 vel
710 899 745 938 ter

29 975 111 1004 versus
129 963 273 1012 crucifixum
289 963 370 1004 deinde
391 963 472 1004 leuiter
486 963 588 1004 ducendo
602 974 681 1004 versus
697 974 746 1003 cor-

29 1040 62 1069 nu
88 1029 209 1069 sinistrum
236 1028 368 1069 revertendo
392 1028 421 1069 ael
449 1028 582 1078 denteruni,
611 1029 633 1069 et
662 1029 755 1085 iterum:

29 1093 160 1134 revertendo
185 1093 215 1134 ad
237 1093 349 1142 medium,
374 1095 395 1134 et
419 1094 452 1134 ihi
475 1094 577 1134 incenset
594 1093 676 1134 iterum
698 1104 746 1132 mo-

31 1159 113 1209 dicum,
134 1160 156 1199 et
178 1158 279 1199 osculato
302 1158 367 1199 altari
388 1159 463 1199 tradat
480 1159 623 1200 thuribulum
641 1158 745 1199 ministro
763 1208 765 1210 Ι

31 1236 78 1265 non
100 1224 251 1265 thurificando
271 1224 348 1265 istum.
372 1224 400 1265 Et
427 1224 565 1265 descendens
588 1224 618 1264 ad
639 1223 745 1264 ultimum

31 1290 127 1343 gradum
140 1290 263 1330 inclinatus
284 1290 344 1330 (licat
362 1292 442 1343 -pntcr
463 1291 563 1340 nosnr„
583 1292 605 1331 et
626 1290 650 1331 in
669 1290 747 1331 eodeni

31 1356 81 1396 loco
104 1355 162 1396 facto
184 1355 249 1408 signo
270 1355 343 1396 crucis
365 1357 418 1408 post
444 1379 453 1385 -
471 1357 539 1408 pater
564 1357 646 1405 noster,
663 1378 672 1385 -
699 1354 747 1396 offi-

32 1420 92 1466 ciuni
115 1419 181 1460 solito
204 1432 266 1460 inore
288 1420 421 1461 inchoetur.
450 1420 525 1461 Finito
552 1432 605 1461 vero
633 1443 642 1450 -
668 1421 747 1462 Gloria

29 1486 115 1538 patris
129 1484 233 1525 sacerdos
247 1484 276 1525 ari
289 1485 364 1526 locum
384 1498 452 1526 suum
470 1486 544 1526 vadit:
567 1486 655 1526 accoliti
670 1487 745 1534 etiam,

33 1551 140 1603 depositis
153 1550 304 1591 luminaribus
319 1553 341 1592 et
354 1552 466 1601 extinctis⁷
482 1552 511 1592 ad
525 1552 619 1592 chorum
628 1552 653 1592 in
671 1552 747 1593 locum

33 1629 100 1658 suurn
120 1616 278 1669 unusquisque
297 1618 376 1658 vadat:
400 1618 508 1659 Cantores
528 1630 581 1659 vero
604 1618 682 1666 omnia
703 1630 747 1670 que

34 1682 146 1735 pertinent
160 1682 189 1723 ad
202 1682 301 1723 officium
315 1695 382 1723 suurn
396 1683 481 1724 faciant
494 1674 541 1724 tarn
555 1696 607 1725 cnm
624 1674 746 1736 (merendo,

33 1747 103 1788 simul
115 1747 251 1800 incipiendo,
267 1749 288 1788 et
302 1748 440 1800 antiphonas
454 1749 617 1798 distribuendo,
628 1751 654 1790 ut
663 1749 749 1790 dictum

35 1815 69 1854 est
83 1813 197 1865 superius:
213 1813 314 1866 psalmos
322 1815 399 1855 tannen
415 1826 462 1856 non
478 1807 584 1856 intonant
594 1827 636 1856 nec
646 1816 749 1868 antipho-

34 1890 77 1919 nas
90 1878 202 1931 incipiunt
216 1879 261 1919 nisi
277 1879 326 1919 hini
342 1881 364 1920 et
380 1879 435 1920 hini.
453 1880 490 1921 An
503 1882 666 1934 -nropplficnt-
682 1882 704 1922 et
720 1881 750 1923 ad

34 1967 43 1974 -
60 1945 184 1985 berrreclictcs
201 1968 210 1974 -
230 1945 311 1985 iterum
330 1945 473 1987 thurificatur
494 1946 568 1987 maius
589 1947 660 1988 altare
682 1947 749 1987 morlo

35 2009 142 2062 predicto⁷
157 2009 202 2049 nisi
217 2009 278 2062 quod
291 2010 395 2050 sacerdos
416 2021 464 2051 non
484 2010 537 2051 ante
557 2011 641 2064 gradus
662 2012 748 2061 altaris,

35 2074 76 2115 sed
88 2075 139 2126 post
152 2074 178 2114 in
192 2074 258 2115 stello
273 2087 315 2115 suo
329 2075 465 2117 incensetur.
481 2076 538 2117 Item
551 2076 677 2118 incensatio
695 2077 750 2118 inci-

35 2138 111 2192 piatur
124 2138 149 2179 in
162 2139 231 2179 choro
245 2151 273 2180 ex
292 2141 356 2191 parte
376 2140 476 2190 maioris,
492 2141 584 2182 'scilicet
605 2142 693 2182 abbatis
713 2142 750 2182 vel

36 2204 124 2257 prioris,
140 2204 161 2244 et
175 2215 222 2244 una
235 2203 284 2245 vice
307 2206 397 2246 tantuin
414 2205 534 2247 'adoleatur
555 2207 650 2259 quilibet
670 2207 749 2256 h²ater3

39 2269 110 2310 abhas
123 2269 159 2309 vel
172 2269 234 2321 prior
246 2270 290 2311 his.
304 2271 333 2311 Et
350 2270 376 2311 tit
395 2273 485 2313 tantum
507 2272 536 2313 ad
549 2273 710 2325 -nchnlficut-
729 2275 751 2313 et

40 2335 69 2375 ad
82 2335 240 2376 -hcncclictns-
254 2336 379 2377 incensatio
393 2337 463 2386 chori,
479 2340 501 2378 et
515 2338 539 2378 in
557 2338 628 2378 inissa
642 2338 671 2378 ari
689 2338 752 2379 offer-
