1554 2489
57 48 83 89 80
139 60 290 91 srmcrrssnm
305 60 449 92 rnourssrmr
466 61 523 107 asos·
533 61 637 92 caranum

30 156 79 208 ipse
93 169 152 205 reus,
168 157 216 197 sive
229 157 262 197 rei
275 158 329 199 talis
340 158 527 210 transgressionis
539 168 581 210 pro
590 159 646 199 tunc
655 157 746 199 iecerint

31 222 71 251 seu
93 211 169 251 fecerit
186 210 339 260 residentiam,
359 213 381 252 et
399 223 438 263 per
456 212 553 263 priorem
571 211 620 252 sive
637 211 747 252 vicarium

31 263 85 304 flicti
99 264 150 304 loci.
166 264 194 304 llt
207 265 227 304 si
240 265 301 315 prior
318 265 355 306 rel
373 265 471 305 vicarius
483 264 618 316 aliquorum
636 264 747 305 dictorum

31 317 131 358 locorum
149 317 280 358 Monasterii
299 319 321 359 et
345 318 436 370 Specus,
456 317 517 370 quod
538 319 624 359 arertat
645 317 707 366 deus,
722 318 748 358 in

31 370 136 422 predietis
150 370 186 411 rel
201 370 288 423 aliquid
296 371 447 423 predictorum
462 371 608 423 delinqueret,
619 379 663 423 per·
672 371 748 410 imme-

31 423 91 463 diate
113 423 224 463 seniorem
245 424 383 474 absolvatur,
406 425 454 465 sive
475 425 629 465 absolvantur.
652 423 693 465 Cui
712 423 748 463 rel

31 476 115 528 quibus
137 477 237 529 prefatus
259 478 365 519 dominus
386 477 464 518 abbas
486 478 596 530 premissa
613 476 685 518 forma
702 476 749 528 ple-

31 530 120 570 nariam
139 530 272 571 absolvcndi
288 531 313 571 in
331 531 423 572 domino
442 531 533 572 exhibet
553 532 693 583 potestatem.
714 529 749 570 Ita

31 585 108 623 tamen
127 584 189 635 quod
206 584 330 635 unicuique
348 584 496 636 delinquenti,
516 584 584 625 etiam
598 584 618 625 si
633 582 694 636 prior
712 583 749 623 rel

35 636 130 676 vicarius
150 638 190 677 aut
208 636 306 677 offitialis
325 638 436 686 existeret,
457 649 497 688 pro
515 637 566 689 ipso
587 637 654 678 modo
675 636 747 688 culpe,

32 690 74 730 lieo
83 689 282 730 inremediabiliter
292 692 314 730 ct
323 690 530 742 indispensahiliter
541 690 666 743 penitentia
674 689 750 730 iniun-

32 744 106 794 gatur,
125 742 229 784 videlicet
245 743 307 796 quod
320 743 478 796 unusquisque
494 743 612 793 dictorum,
630 745 678 784 tam
691 743 750 794 prio-

32 807 95 844 rum,
116 797 264 846 ricariorum,
287 797 413 837 offitialium
434 797 609 846 monachorum,
633 808 750 837 converso-

32 861 84 890 rum
100 851 123 890 et
140 849 280 899 oblatorum,
302 852 349 890 tam
365 851 504 903 presentium
525 862 594 902 quarn
614 850 749 898 futurorum,

33 904 73 955 qui
86 905 239 957 transgressor
257 903 281 944 in
304 904 410 957 predictis
432 904 469 945 vel
492 904 568 956 aliquo
591 904 749 957 predictorum,

34 957 139 1006 extiterit,
159 958 184 998 in
202 958 270 1010 pleno
289 958 388 1010 capitulo
407 970 448 999 sue
466 958 587 999 residentis
607 956 751 1010 disciplinam

33 1022 96 1052 marc
112 1010 179 1052 solito
198 1023 237 1064 per
256 1024 338 1053 manus
357 1011 495 1053 absolventis
513 1012 607 1065 recipiat
624 1010 751 1064 regularem

34 1077 110 1106 caram
132 1065 237 1106 omnihus
247 1066 365 1106 monachis
388 1065 467 1107 adesse
488 1065 623 1106 valentibus.
643 1065 672 1106 Et
691 1065 752 1117 quod

34 1120 108 1171 prima
121 1121 185 1160 sexta
198 1119 254 1160 feria
267 1119 396 1160 immediate
410 1121 515 1160 secutura
529 1119 553 1160 in
567 1131 626 1171 pane
642 1120 665 1160 et
683 1130 750 1171 aqua,

35 1173 97 1213 omni
120 1174 206 1214 remota
229 1173 405 1225 dispensatione,
425 1173 517 1214 ieiunet.
537 1173 564 1213 ln
583 1184 652 1225 quam
670 1184 751 1225 penam

36 1237 77 1267 seu
90 1238 161 1278 penas
174 1226 269 1278 predicti
283 1228 305 1267 et
319 1239 396 1268 eorum
413 1227 515 1279 quilibet,
534 1227 618 1267 totiens
636 1227 753 1267 incurrant

35 1282 57 1320 ei
72 1280 194 1321 incurrisse
208 1280 371 1333 intelligantur,
388 1281 493 1333 quotiens
506 1281 532 1321 111
545 1280 650 1332 predictis
665 1280 687 1321 et
698 1291 753 1333 quo-

36 1333 91 1374 litet
104 1334 255 1386 predictorum
270 1346 309 1386 per
323 1346 361 1375 eos
375 1334 442 1375 tuerit
456 1334 625 1374 contrafactum.

89 1386 173 1429 ilerum
186 1388 241 1439 quia
254 1388 377 1428 necessitas
391 1388 480 1440 legibus
493 1399 540 1427 non
559 1389 665 1436 arctatur,
680 1386 753 1428 decla-

35 1444 89 1481 rans
103 1441 203 1493 prefatus
217 1440 323 1481 dominus
337 1440 415 1481 Abbas
428 1441 577 1481 intentionem
591 1452 657 1481 suam
670 1440 696 1481 111
704 1451 753 1492 prc-

36 1494 109 1542 dictis,
121 1494 178 1535 dixit
188 1496 209 1534 et
218 1494 268 1534 vult
278 1506 304 1534 ao
313 1494 417 1543 intendit,
434 1495 524 1547 quodsi
534 1506 600 1535 casus
614 1494 754 1547 contingeret

36 1547 98 1600 quod
105 1548 188 1600 aliquis
193 1547 344 1600 predictorum
351 1548 459 1600 priorum,
467 1548 602 1596 offitialium,
609 1548 751 1595 vicariorum,

36 1602 206 1650 monachornm,
227 1613 393 1645 conversorum
405 1603 427 1642 et
446 1601 580 1650 oblatorum,
602 1601 753 1641 infirmaretur

37 1656 61 1695 in
75 1655 175 1702 remotis,
190 1655 223 1695 ita
236 1655 298 1706 quod
318 1654 346 1695 de
362 1654 423 1696 facili
444 1666 491 1695 non
512 1656 588 1706 posset
602 1655 631 1695 ad
652 1655 753 1706 aliquam

37 1708 148 1749 dictarum
161 1707 337 1749 irriirmariarrrm
345 1708 462 1760 reportari,
473 1708 534 1759 quod
545 1709 601 1748 tunc
614 1707 640 1747 111
648 1707 690 1747 tali
699 1718 754 1747 casu

37 1763 69 1802 sio
84 1761 187 1801 infirmus
202 1761 275 1801 valeat
289 1773 330 1813 pro
344 1761 393 1801 eius
409 1762 543 1801 necessitate
557 1762 637 1800 nature
647 1760 754 1800 carnibus

37 1816 79 1863 uti,
94 1816 142 1854 tam
156 1813 282 1854 volatilium
297 1825 366 1866 quam
383 1814 561 1866 quadrupedum,
577 1825 618 1865 pro
632 1813 699 1853 modo
714 1823 754 1853 sue

38 1868 185 1908 necessitatis.
201 1867 230 1907 Et
243 1867 304 1919 quod
313 1867 354 1907 tali
364 1867 460 1907 diuante
473 1867 608 1907 necessitate
617 1878 665 1906 non
678 1867 754 1906 tenea-

37 1924 75 1962 tur
89 1921 118 1961 ad
127 1920 295 1960 observantiam
304 1920 476 1964 constitutionis,
482 1921 504 1960 et
518 1919 667 1960 ordinationis
677 1930 755 1971 supra-

37 1975 120 2026 scripte
134 1985 213 2014 carnes
227 1973 291 2015 edere
304 1973 457 2026 prohibentis,
473 1974 513 2014 sed
527 1974 555 2013 al]
570 1972 676 2013 omnihus
689 1972 754 2024 penis

39 2030 118 2068 eontra
131 2027 276 2079 iniiingentes
289 2027 391 2067 eamdem
405 2027 435 2067 sit
448 2027 538 2078 penitus
548 2027 662 2067 immunis.
671 2026 699 2066 Et
707 2037 756 2077 pre-

38 2082 98 2122 dicta
112 2080 268 2132 intelligantur
281 2080 367 2132 prefata
380 2080 514 2121 necessitate
528 2080 630 2121 durante.

92 2134 174 2175 Omma
192 2135 214 2174 et
232 2133 323 2186 singula
341 2134 494 2186 suprascripta
514 2134 608 2186 predicti
628 2133 714 2185 priores
733 2132 756 2172 et

39 2187 145 2228 monachi
165 2189 287 2238 presentes,
307 2187 399 2228 nomine
413 2189 435 2227 et
448 2188 497 2228 uice
515 2188 617 2227 omnium
634 2185 756 2226 monacho-

39 2252 97 2289 rum,
117 2240 244 2280 oblatorum
263 2241 285 2280 et
303 2252 462 2281 conversorum
483 2241 619 2287 absentium,
639 2241 686 2279 tam
706 2249 756 2289 pre-

39 2294 136 2334 sentium
160 2304 228 2344 quam
251 2292 385 2342 futurorum,
409 2295 459 2333 rata
480 2295 508 2334 et*
522 2294 587 2346 grata
609 2303 635 2333 ac
655 2292 753 2342 accepta,
