1560 2498
308 66 439 111 11111111111
453 69 469 100 11
705 58 718 100 5

86 167 129 219 Qui
143 178 196 208 vero
208 167 316 208 reintrare
330 167 379 208 vult
388 179 440 208 curn
454 179 542 209 summo
552 166 642 208 silentio
656 166 745 219 expleat

33 245 87 275 suas
100 231 220 281 orationes
235 233 268 274 ita
280 235 306 274 ut
315 232 404 274 nullum
418 232 603 285 impedimentum
617 231 682 273 alteri
695 243 744 284 pre-

32 300 83 340 stet.
99 298 153 339 Post
172 298 342 351 completorium
355 309 415 346 vero,
430 299 457 339 ut
470 297 524 339 dicit
544 297 668 351 capitulum
688 308 742 347 xnu,

32 363 199 405 strictissimum
212 362 293 404 deinde
312 364 415 403 teneatur
424 361 547 411 silentium,
561 357 699 416 usquelpost
708 373 745 403 ca·

32 421 129 482 pitulum
142 427 210 481 quod
229 428 255 469 fit
275 428 327 479 post
339 427 446 479 primam:
469 427 575 479 omnique
592 428 691 480 tempore
711 427 744 468 sic

31 495 165 546 temperetur
174 494 238 542 hora,
249 494 275 533 ut
283 491 333 533 luce
342 491 387 533 diei
396 492 474 532 omnia
482 492 621 548 expleantur,
631 492 697 533 iuxta
706 504 743 532 1111

31 558 156 612 capitulum
175 558 259 610 regule,
281 558 303 598 et
320 558 346 598 ut
359 558 450 598 maneat
470 556 577 598 fratribus
597 557 686 610 tempus
704 568 743 598 an-

31 626 123 677 tequam
135 624 220 664 vadant
233 623 361 671 dormitum,
372 622 397 663 in
410 634 463 675 quo,
478 622 544 674 quasi
557 622 644 663 cunctis
657 623 743 675 pacatis

32 689 119 730 diurnis
132 687 334 740 inquietudinibus,
350 699 404 728 suas
424 686 555 738 peculiares,
570 688 637 739 prout
651 686 744 728 cuilibet

31 753 182 795 necessarium
191 752 264 802 fuerit,
275 752 380 805 expleant
387 752 507 801 orationes
516 751 680 802 meditationes,
691 764 743 794 con-

31 819 195 871 templationes,
210 830 279 870 seque
291 817 423 872 recolligant
432 818 460 858 de
468 818 555 858 cunctis
564 829 608 870 que
616 818 743 870 precedenti

32 884 68 926 die
81 884 230 936 deliquerunt,
240 883 276 924 vel
286 875 364 924 contra
373 882 451 924 divina
460 883 500 923 aut
508 881 621 935 regularia
629 884 740 936 precepta,

31 962 118 1004 suaque
127 949 208 991 delicta
217 961 268 991 cum
281 947 380 991 lacrimis
389 948 414 989 in
423 948 525 990 oratione
534 948 575 990 deo
585 948 740 1000 confiteantur,
775 951 778 958 ’

31 1015 95 1057 iuxta
107 1026 131 1056 lv
145 1014 276 1068 capitulum.
293 1014 321 1055 nt
330 1014 432 1055 similiter
445 1012 568 1067 practicent
577 1026 621 1068 que
629 1014 655 1055 in
663 1015 741 1055 eodem

31 1080 129 1133 capitulo
143 1079 307 1129 contineantur,
322 1078 402 1136 saltem
419 1078 445 1120 111
458 1078 546 1130 affeetu,
567 1079 622 1133 quia
634 1079 675 1120 illa
688 1082 741 1121 sunt

30 1144 122 1187 indubie
136 1157 179 1197 que
193 1145 279 1186 ducunt
292 1144 321 1186 ad
334 1144 500 1198 perfectionem,
514 1146 540 1186 ut
549 1156 577 1185 ex
585 1145 630 1186 fine
639 1145 739 1186 eiusdem

30 1210 126 1263 capituli·
136 1211 204 1263 patet.
220 1209 280 1252 Sciat
294 1210 354 1251 enim
367 1210 395 1251 de
408 1211 468 1250 certo
477 1210 602 1251 monachus
615 1209 649 1251 nil
658 1222 682 1251 se
690 1222 741 1262 pro-

29 1276 94 1317 ficere
107 1286 173 1328 posse
186 1276 286 1323 omuino,
301 1287 343 1316 neo
363 1286 404 1316 sue
416 1274 550 1327 professioni
570 1275 705 1325 satisfacere,
720 1276 740 1316 si
757 1314 759 1316 .

29 1352 76 1382 non
89 1341 189 1393 seipsum
209 1340 285 1393 sepius
298 1341 409 1393 quantum
429 1340 545 1393 profecerit
565 1340 590 1381 111
603 1341 738 1391 humilitate,

28 1406 149 1459 paciencia,
160 1406 253 1447 car'tate
259 1406 382 1458 ceterisque
391 1405 520 1455 viantibus,
528 1407 595 1458 prout
602 1405 631 1446 ad
640 1407 740 1447 eternam

28 1470 98 1512 vitam
118 1471 263 1512 tendentibus
276 1482 367 1512 necesse
387 1472 422 1512 est
441 1470 582 1524 regularibus
603 1472 642 1512 aut
656 1471 739 1513 divinis

28 1535 146 1584 institutis,
161 1535 197 1576 vel
211 1536 279 1576 etiam
292 1537 403 1589 quantum
416 1536 526 1586 deiecerit,
542 1536 603 1588 apud
616 1548 640 1577 se
654 1536 739 1578 discus-

29 1600 89 1641 serit.
99 1601 148 1641 Hoc
156 1600 217 1642 enim
230 1600 278 1641 volt
286 1601 348 1654 quod
360 1600 385 1642 in
398 1603 476 1642 nostra
482 1601 622 1653 professione
635 1601 739 1654 exprimi-

28 1677 87 1715 mus,
102 1665 186 1707 scilicet
206 1665 364 1718 correctionem
384 1678 472 1707 morum
493 1666 618 1708 secundum
636 1667 738 1720 regulam

28 1730 100 1772 sancti
109 1730 227 1779 benedicti,
238 1732 264 1771 nt
272 1731 297 1771 in
306 1731 405 1784 capitulo
414 1742 469 1772 uum
478 1731 615 1784 exprimitur:
628 1732 689 1784 quod
697 1732 738 1773 illo

27 1796 144 1849 aptissimo
152 1797 252 1849 tempore
260 1796 309 1838 fieri
318 1796 391 1846 debet,
402 1796 527 1849 supplendo
537 1796 588 1838 aliis
597 1797 738 1850 temporibus

27 1861 121 1911 silencii,
136 1861 198 1913 quod
210 1861 248 1903 hic
261 1861 345 1914 expleri
357 1873 405 1903 non
418 1863 498 1915 potest.
513 1862 541 1903 Et
554 1862 658 1915 precipue
671 1862 738 1904 ihesu

27 1926 105 1968 christi
118 1920 204 1978 demini
217 1926 289 1968 nostri
302 1926 373 1968 vitam
387 1926 525 1979 aliquociens
539 1927 654 1986 meditari,
664 1929 691 1968 ut
704 1928 737 1969 sic

27 1991 126 2045 seipsum
139 1991 262 2045 abnegans,
277 1992 357 2045 ipsum
366 1994 480 2045 sequatur,
495 1993 555 2034 utin
569 1993 648 2034 eodem
661 2004 685 2034 iv
701 2005 737 2034 ca-

26 2057 98 2110 pitulo
118 2055 207 2100 dicitur.
229 2059 257 2099 nt
270 2058 303 2100 sic
322 2058 450 2100 verificatur
463 2059 524 2111 quod
543 2059 569 2099 in
588 2059 633 2100 fine
649 2059 736 2113 prologi

25 2123 116 2177 dieitur,
128 2123 238 2174 videlicet,
254 2124 315 2177 quod
323 2126 491 2177 perseverantes
506 2116 532 2166 in
545 2125 683 2166 monasterio
696 2136 736 2177 per

24 2189 162 2242 pacienciam
182 2188 261 2230 christi
273 2190 419 2242 passionibus
438 2190 604 2243 participemur,
627 2193 653 2232 11
670 2191 735 2242 regni

24 2255 73 2295 eius
86 2265 211 2296 mereamur
223 2254 271 2296 fieri
285 2256 409 2296 consortes.
431 2254 530 2296 Maxima
543 2257 619 2296 autem
637 2266 691 2296 eura
704 2255 734 2296 sit

25 2319 108 2360 Abbati
121 2321 147 2360 ut
160 2331 207 2360 non
221 2319 363 2369 dormientes,
378 2320 540 2373 ulloumquam
553 2321 652 2372 tempore
666 2320 735 2372 impe-
