1616 2397
313 79 462 112 ,NUNGUPATIO
690 81 723 112 VII

96 180 199 235 Accipite
214 192 272 235 erpo,
289 179 373 222 Patres
389 179 409 221 et
432 177 531 221 Fratres
546 179 574 221 in
599 176 692 221 Christo
711 177 751 220 Ve-

36 239 147 292 neraucti,
158 239 221 283 Ieario
231 239 425 295 qualernournque
432 238 539 292 opeiiarn
552 237 596 281 sub
606 238 656 281 atis
669 238 751 280 oestrce

32 299 186 355 proteotionis
196 299 295 354 fidenter
305 298 483 352 confugientem,
496 310 569 352 airaon
579 297 613 341 aot
622 298 751 341 iuonastioi

36 359 130 403 ordinis
141 358 270 401 utilitateru
280 358 351 411 atque
367 357 538 408 ornarnentuu'r,
551 358 572 400 et
587 357 621 400 art
634 357 751 412 optirnuin

35 419 143 473 fratrurn
157 418 294 460 nostroruru
308 415 442 470 euerripturn
458 415 617 469 profuturain
631 429 679 469 esse
697 428 751 460 oon-

35 477 89 532 fido.
108 476 255 531 Quapropter
270 488 323 518 earn
337 487 387 517 uon
402 474 436 517 ort
450 474 556 517 historice
571 476 592 517 et
607 476 697 518 oritiees
710 475 750 518 tio-

36 537 126 580 otiernce
141 535 246 578 rationes
265 535 355 589 enipere
378 534 473 577 ourani:
492 546 592 588 parurn*
604 535 696 589 quippe,
713 535 749 577 oet

35 596 99 639 uitiit
115 594 149 638 act
164 607 213 637 reue
228 595 336 637 nostruin
350 593 456 647 conferre
471 593 534 636 dirui
549 594 666 637 aotrrotare
681 595 702 637 et
711 595 750 637 in-

36 656 117 698 ctioare
131 654 258 696 variantia
273 665 327 708 quoe
341 653 401 706 forte
423 653 452 694 in
467 653 526 695 aliis
551 652 669 696 oootioibus
691 652 750 696 Cou-

34 713 173 757 suetuctines
193 713 288 755 nostras
304 711 458 766 referentibus
468 712 631 766 inveniantur,
648 713 749 755 initium

35 772 135 827 etlinun
141 773 294 826 popinarurn
301 771 388 814 ooctiois
398 771 487 825 nostri;
499 784 539 823 an,
549 772 651 826 eaerupti
657 773 747 827 pratia,

35 833 116 882 littera
138 856 148 862 -
163 830 200 873 V-
222 832 259 874 ita
281 830 405 883 scribatur,
430 831 474 873 oet¹
485 831 569 884 potius
587 856 598 862 -
615 831 652 874 U·
676 832 749 874 iuuta

35 892 138 934 oeteruin
151 891 294 945 scriptorum
304 903 402 943 rnorern;
413 890 434 932 et
444 890 528 932 coetero
537 889 683 944 huiusmodi,
696 904 749 946 quoe

34 950 119 1005 urapui
134 962 151 992 a
165 950 255 993 oritiois
270 950 347 992 nostri
369 950 414 992 oeoi
432 949 569 999 eristirnari
587 949 660 1005 probe
682 950 749 1003 oravi,-

34 1010 76 1053 sect
90 1009 230 1063 sinpliciter
245 1008 373 1064 etilipentia
388 1021 416 1051 ao
431 1008 544 1062 fidelitate
558 1010 669 1052 uouiiua
680 1008 748 1052 Cocti-

34 1081 82 1113 oern
89 1069 117 1111 in
125 1067 261 1112 bibliotheca
269 1068 352 1111 nostra
362 1069 482 1110 seruaturn
490 1067 519 1110 ote
526 1068 592 1112 uerbo
602 1068 636 1112 art
645 1068 746 1122 oer’burn,

34 1128 148 1172 dictiones
158 1128 291 1171 'ooritraotas
306 1127 415 1171 soioencto
425 1128 547 1182 easoripsi,
563 1129 584 1171 et
603 1128 676 1182 Vobis,
692 1129 748 1171 riori-

35 1188 86 1230 iuru
101 1187 198 1230 tionoris
214 1188 257 1230 aut
268 1187 351 1230 laudis
366 1188 406 1230 ius
424 1187 647 1242 onitiiproesurnens,
658 1188 753 1231 tinroiti'
790 1237 793 1241 ⁴

34 1247 110 1290 oriente
125 1246 203 1300 offero.

93 1305 202 1360 Aooipite,
219 1307 327 1361 inquom,
341 1306 465 1361 tauiquarn
471 1306 565 1360 pipuus
580 1306 681 1362 aliquod
691 1320 747 1350 urea

34 1366 63 1408 in
78 1365 189 1407 etiteotain
205 1364 413 1420 Gonprepationern
427 1366 535 1417 uostrarn
543 1367 747 1421 propensissimae

34 1424 177 1476 uoluntatis;
191 1425 220 1467 in
235 1425 277 1468 troo
288 1425 419 1479 praecipue
436 1423 659 1479 Proto-Coenobiurn,
676 1427 747 1469 ouius

34 1487 70 1526 uie
84 1484 200 1538 suseeptio
216 1497 233 1527 a
248 1484 414 1539 quodraginta
429 1484 535 1539 quinque
553 1486 628 1528 aureis
650 1485 711 1539 fouet
726 1486 746 1528 et

34 1544 86 1595 ulit,
103 1543 193 1586 autoris
202 1544 229 1591 ,et
243 1544 309 1597 prati
319 1544 399 1586 arriani
414 1543 587 1587 testiinoniurn:
601 1546 630 1587 in
649 1544 693 1588 Vos
708 1545 746 1587 de.-

34 1603 107 1657 nipue
122 1606 204 1645 ouiiies'
216 1603 286 1645 iltius
309 1603 452 1644 reuerentiae
467 1603 487 1644 et
503 1601 665 1646 observantiae
679 1605 746 1647 inett-

34 1662 98 1705 eiurn
113 1661 199 1716 potibus
214 1661 389 1704 studiosissime
400 1674 537 1721 prosequor.

92 1721 157 1764 Deus
175 1720 283 1776 Optirnus
298 1721 424 1764 Munianus
439 1722 536 1776 sospitet
555 1722 599 1765 Vos
614 1735 710 1778 sernper,
723 1724 744 1766 et

33 1780 62 1824 in
76 1793 124 1824 sua
138 1782 221 1836 pratia
236 1781 256 1823 et
272 1781 334 1824 oarit
349 1781 372 1824 te
387 1781 510 1825 oonseroet.
531 1780 615 1826 Vatete.

77 1865 225 1927 ,Seri'oeoau
240 1875 338 1932 Sublaoi
353 1877 382 1919 iu
396 1876 622 1920 Proto-Monosterio
637 1876 661 1921 S.
675 1876 745 1921 Sotio-

33 1936 133 1979 tastioae
152 1935 265 1991 Virpiuis,
286 1936 315 1978 in
330 1935 369 1978 otie
384 1936 442 1990 festo
457 1934 516 1979 Sini.
531 1935 558 1980 P.
574 1937 656 1980 Nostri
671 1937 744 1980 Bene-

33 1994 97 2048 dioti,
114 1996 144 2037 21
160 1995 247 2039 Martii
263 1996 328 2038 1902.

165 2120 352 2172 Addiotissirnus
367 2126 441 2168 uester
455 2126 483 2168 ut
498 2124 565 2179 fitius
581 2127 601 2169 et
618 2125 743 2181 Oonfroter

285 2251 313 2296 D.
330 2251 380 2296 Lso
397 2250 493 2297 Aeuom
510 2251 537 2298 Ο.
555 2253 578 2299 S.
595 2253 622 2299 B.
