1554 2489
53 72 80 114 48
292 84 473 115 consummamus

26 180 77 222 tulo
90 180 115 221 in
129 180 245 236 ferialibus
259 180 338 222 diebus
348 181 436 223 iussum
446 182 480 223 est
488 193 563 234 genua
576 182 643 232 flecti,
653 182 678 223 in
687 183 739 224 aliis

29 246 109 287 diebus
122 245 278 287 tantummodo
299 246 427 296 inclinetur,
442 248 584 300 preterquam
597 248 622 288 in
635 238 739 300 precibus

28 311 100 363 prime
114 312 136 352 ct
156 310 304 363 completorii,
326 312 356 353 ad
376 324 433 365 quas
453 312 559 353 monachi
582 313 642 354 stent
664 314 738 355 erecti.

28 375 135 418 Similiter
149 375 174 416 in
187 376 258 417 missa
270 378 322 429 post
335 400 345 407 -
357 375 419 419 orote
430 379 531 430 fratres·
544 390 617 431 usque
630 379 660 419 ad
669 379 741 421 eleva-

28 441 122 491 cionem,
132 442 154 482 et
163 441 193 482 ad
205 444 284 495 -poter
298 445 396 493 reosten—
410 445 432 484 et
446 442 476 485 ad
488 458 543 497 -per
557 446 635 485 orricio
650 446 741 486 serrola-

28 506 156 559 precedenS,
172 509 234 548 stant
255 508 328 549 erecti.
350 508 528 551 Ebdomadarius
542 510 621 565 ctiam,
636 511 741 563 quamtis

27 572 53 613 in
76 572 156 614 diebus
178 573 294 614 ferialibus
315 574 415 626 aliquam
436 575 560 616 orationem
580 575 652 616 flexus
672 575 739 626 dicat,

28 637 133 679 videlicet
155 638 245 691 quando
268 639 317 680 sine
340 641 394 680 tono
416 640 567 692 pronunciat3
591 642 668 682 tamen
690 641 742 683 aliis

27 703 109 744 diebus
123 716 240 757 nunquam
253 704 347 746 inclinet
360 717 384 746 se
398 705 499 755 dicendo,
522 706 562 747 sed
582 708 626 748 stet
646 708 739 749 erectus.

27 768 88 810 -Sunt
100 770 177 810 tamen
185 769 327 812 inevitabiles
336 770 504 823 genuflexiones
513 773 560 812 tam
569 772 594 813 in
603 772 664 813 feriis
673 784 742 825 quam

28 835 99 884 extra,
114 836 141 875 ut
154 847 223 887 supra
239 835 324 877 dictum
345 837 385 885 est,
408 848 452 888 que
472 848 597 888 numquam
616 839 741 878 mutantm.

30 899 191 941 Inclinationes
204 912 248 953 que
262 913 314 942 vere
327 901 374 942 sint
396 900 555 943 inclinationes
567 903 650 955 partim
663 903 701 944 hic
715 915 743 944 ex

29 965 231 1018 genuflectionibus
254 966 340 1020 collige,
361 966 451 1020 plenius
471 968 554 1018 tamen,
576 969 598 1019 et
621 980 666 1021 que
688 970 743 1009 sunt

30 1031 126 1072 maiores
135 1043 207 1083 queve
216 1033 320 1082 minores,
332 1033 403 1074 habes
412 1045 481 1085 supra
489 1033 514 1074 in
523 1033 650 1075 cerimoniis
657 1033 743 1087 regule,

51 1199 195 1277 QUOMODO*
204 1225 335 1268 FRATRES
349 1227 461 1268 DEBENT
475 1227 567 1270 STARE
581 1228 611 1270 IN
625 1228 723 1271 GHORO

258 1326 393 1369 TEMPORE
408 1327 512 1369 ousion

283 1424 411 1457 ourrrouun
423 1427 493 1458 inani,

86 1538 153 1580 Omni
166 1534 265 1590 tempore
279 1537 370 1589 quando
379 1532 529 1581 ¹communiter
542 1552 581 1592 per
595 1541 675 1581 choros
684 1541 744 1593 psal-

32 1602 93 1652 litur,
108 1613 169 1644 unus
183 1602 265 1643 chorus
287 1603 366 1652 contra
386 1602 460 1644 alium·
477 1604 548 1645 versis
569 1605 671 1646 vultibus
685 1618 697 1647 e
710 1618 744 1653 ref

32 1668 99 1720 gione
113 1669 219 1708 uertatur.
235 1667 262 1708 In
272 1667 377 1720 capitulis
386 1680 439 1709 vero
449 1670 628 1723 morationibus,
639 1683 666 1711 ac
675 1671 743 1712 etiam
767 1691 768 1694 =

33 1734 59 1776 in
72 1733 143 1774 missa
155 1732 246 1784 quando
260 1744 307 1773 non
323 1733 480 1785 genuflectitur
497 1735 534 1775 vel
552 1736 681 1785 inclinatur,
702 1739 742 1777 eut

33 1799 58 1839 in
72 1799 142 1840 missa
155 1798 223 1839 etiam
236 1809 284 1838 non
305 1798 401 1847 sedetur,
423 1800 478 1839 tunc
492 1811 579 1853 semper
595 1802 655 1841 stent
672 1801 744 1842 versis

33 1864 137 1904 vultibus
151 1864 180 1904 acl
193 1863 270 1904 altare.
285 1863 313 1903 Et
327 1875 414 1916 semper
428 1864 457 1905 ad
470 1865 535 1906 illum
551 1877 639 1908 versum
654 1890 663 1896 -
673 1868 743 1908 dorci-

33 1943 79 1973 aos
101 1931 238 1980 nobiscnm,—
259 1941 378 1982 quousque
397 1942 532 1983 responsum
552 1931 619 1974 fuerit
632 1935 672 1974 ·et
693 1947 744 1974 eom

34 1997 118 2047 spiritu
132 1996 177 2034 tiro.
192 2017 201 2023 -
219 1993 327 2035 Similiter
347 2006 434 2047 semper
455 1996 546 2048 quando
567 1997 670 2039 sacerdos
690 1997 745 2039 dicit

34 2061 85 2113 post
99 2059 223 2100 orationem
243 2081 251 2088 -
262 2072 305 2112 par
319 2060 437 2100 darianum
450 2063 561 2112 nostram,
575 2086 584 2092 -
605 2063 652 2104 sire
666 2063 745 2105 iratres

35 2125 80 2166 sint
93 2125 199 2179 prostrati
214 2125 276 2175 (sit-c)
291 2124 401 2175 inclinati,
410 2126 470 2167 stent
483 2127 550 2169 erecti
564 2129 587 2170 et
599 2129 745 2170 conversim

34 2192 112 2241 altare,
123 2202 241 2243 quousrpie
253 2202 387 2243 responsum
401 2191 485 2233 tuerit-
498 2195 577 2235 Aurea.
587 2218 597 2225 -
611 2195 667 2236 ltem
676 2207 745 2248 genu-

34 2258 141 2302 flexiones
155 2268 201 2298 non
214 2256 273 2298 fiunt
288 2269 367 2299 versus
387 2258 465 2308 altare,
487 2260 532 2301 nisi
553 2262 643 2313 quando
656 2273 745 2314 corpus

35 2324 113 2367 christi
136 2323 168 2366 ibi
190 2324 310 2365 tractatur.
337 2324 393 2365 item
415 2325 478 2367 solus
500 2326 636 2380 quicumque
659 2320 746 2380 aliquid
