1560 2498
295 61 720 102 errirunuuxni.19'

35 173 61 202 eo
71 153 179 218 videlieet
187 143 250 217 quod
257 147 356 222 seniores
368 168 505 219 cognoscant
514 167 680 208 conscientias
673 168 747 208 lunio-

33 237 85 267 rum
96 224 159 284 fuere
172 227 238 270 valde
251 230 342 271 solliciti
324 231 481 274 t.observare
497 226 563 285 Quod
576 232 645 274 etiam
664 233 746 282 heatus

33 293 97 349 pater
110 278 186 347 ΓΓρεΓΓΓ
197 294 296 337 innuit
287 307 312 337 m
326 307 347 336 v.
363 293 435 348 gradu
455 297 599 348 humilitatis,
616 298 658 339 et
651 310 677 339 in
686 298 747 352 eapi-

33 357 82 400 tulo
95 368 141 399 xvi
157 353 212 426 (iope
225 350 325 413 ΓΜ).-

247 554 460 643 nupunui,
525 617 526 620 ,

59 667 61 674 ’
84 731 85 735 ¹
153 666 273 745 ceduno
287 669 324 750 ur
337 662 614 753 cuononoynenrun

290 784 501 876 uertunturxrn
529 801 547 816 ⁶
574 811 575 814 ¹

42 932 100 974 A
113 932 308 987 quadragesima
293 938 367 985 usque
376 932 406 974 ad
418 933 457 974 kal
458 932 528 975 endas
537 932 637 975 octubris
646 936 742 977 sonetur

26 1010 67 1050 pro
80 998 153 1051 prima
166 997 269 1066 quando
271 999 343 1059 possit
358 998 403 1040 dici
417 1009 469 1039 cunr
482 997 572 1040 lumine
588 999 633 1040 diei
647 1001 669 1041 et
689 1000 738 1042 sine

25 1064 124 1114 lucerna,
140 1066 162 1105 et
175 1061 245 1106 missa
257 1055 342 1114 votiva,
357 1064 378 1106 si
398 1076 444 1117 qua
458 1067 498 1106 est
508 1063 610 1114 dicenda
630 1067 699 1107 eante
700 1067 737 1108 tnr

24 1131 78 1170 ante
99 1126 231 1182 capitulum,
246 1129 266 1170 A
286 1129 390 1171 Kalendis
404 1131 486 1171 autem*
494 1128 594 1171 octubris
614 1142 687 1183 usque
708 1132 737 1172 ad

23 1188 321 1247 quartiagesimam'dioatur
341 1195 414 1247 prinia
434 1207 486 1236 cum
499 1195 586 1237 lumine
605 1195 703 1246 lucerne,
715 1199 737 1238 et

23 1262 93 1302 misse
104 1261 188 1309 votive,
204 1253 263 1302 sicut
276 1253 371 1302 sabbato
385 1261 416 1302 de
424 1258 532 1310 ‘domina'
541 1262 577 1302 vei
591 1261 630 1302 die
640 1262 695 1303 lune
709 1263 737 1303 de

24 1326 126 1375 mortuis,
142 1317 262 1367 cantantur
274 1324 326 1378 post
339 1326 473 1378 capitulum⁷
486 1328 508 1367 et
521 1327 591 1367 niissa
604 1327 635 1368 de·
646 1327 738 1368 domina

24 1393 60 1433 rel
65 1404 107 1444 pro
116 1390 211 1433 mortuis
220 1385 308 1452 dicatur
317 1392 411 1433 cottidie
417 1392 493 1445 magis·
490 1393 637 1454 tempestive,
646 1395 711 1446 propt
712 1406 736 1435 er

24 1458 76 1498 illos
97 1459 136 1509 qui
157 1460 251 1507 'exeunt3
274 1448 319 1499 nisi
340 1458 417 1511 aliqua
438 1458 571 1500 necessitas
581 1458 734 1517 intervenerit,

23 1524 58 1565 vei
74 1523 136 1576 prior
156 1523 197 1564 alit
198 1535 221 1563 er
242 1516 385 1564 ordinaverit.
409 1523 504 1576 Fiatque
524 1524 625 1575 primurn
643 1524 735 1577 signnm

22 1601 63 1641 pro
76 1588 149 1641 prima
165 1589 194 1629 ad
214 1600 287 1630 unum
300 1590 381 1641 -pater
394 1590 489 1629 noster
503 1590 525 1629 et
545 1589 718 1630 intervallum
707 1601 736 1631 nu

23 1666 67 1706 quo
81 1666 106 1695 se
119 1655 198 1695 iratres
214 1654 322 1706 colligant
342 1665 382 1706 pro
404 1634 529 1695 attentione
542 1654 616 1707 operis
629 1655 680 1696 dei:
700 1666 739 1696 se·

22 1720 121 1762 cundum
134 1720 226 1773 signum
238 1731 278 1772 per
291 1721 382 1760 tantum
395 1719 497 1775 spacioni
510 1720 557 1770 fiat,
568 1722 595 1761 ut
604 1720 735 1762 dictumest·

22 1795 90 1837 supra
104 1785 131 1826 de
143 1786 263 1834 matutino,
280 1786 302 1825 et
315 1785 374 1825 iacto
388 1785 456 1837 signo
468 1797 484 1825 a:
495 1785 569 1837 priore
577 1797 618 1837 pro
627 1786 675 1826 tine¹
683 1786 737 1837 pul--

21 1862 68 1898 sus,
83 1850 160 1890 dicant
168 1873 177 1879 -
182 1852 250 1902 poter
262 1852 345 1899 noster,
355 1872 364 1879 -
378 1862 423 1902 quo
441 1850 560 1902 completo,
577 1849 659 1891 iteruin
672 1850 738 1902 prior

20 1916 87 1957 iaciat
101 1915 198 1968 signum,
214 1916 244 1956 ad
257 1915 319 1967 quod
332 1915 408 1956 cuncti
429 1926 456 1955 se
473 1915 575 1967 erigant3·
592 1926 634 1956 nee
649 1915 736 1956 audeat

19 1981 192 2022 ebdomadarius
205 1981 303 2032 incipere
316 1981 369 2020 ante
381 1980 473 2033 signum
480 1992 521 2038 per
528 1981 626 2032 priorem
634 1981 733 2021 iactum:

19 2047 42 2088 et
54 2047 84 2088 sit
96 2046 203 2099 generale
215 2058 255 2099 pro
269 2045 375 2086 omnibus
389 2045 459 2094 horis,
475 2045 539 2086 iuxta
557 2045 682 2098 capitulrun
700 2057 734 2086 xx

18 2112 101 2165 regule.
117 2111 269 2153 Concludatur
283 2122 335 2151 cum
344 2133 353 2140 -
361 2110 429 2151 Soloe
447 2113 529 2163 repieta
537 2133 546 2140 -
556 2112 578 2151 et
586 2111 658 2151 'versu
667 2133 679 2139 --
686 2111 732 2151 Orc·

14 2191 58 2231 pro
67 2177 132 2218 leodis
139 2200 148 2206 -
155 2177 194 2229 qui
207 2187 296 2228 semper
304 2176 386 2217 dicitnr
396 2176 464 2217 etiam
477 2176 502 2216 in
516 2176 622 2225 adventu;
638 2177 660 2217 et
671 2175 733 2216 lacto

17 2244 82 2297 signo
96 2256 111 2284 a
123 2243 199 2296 priore
210 2244 305 2295 surgant
319 2244 341 2283 et
355 2244 436 2284 exeant
449 2242 559 2284 ordiirate.
570 2242 629 2283 Ante
638 2242 743 2295 signum·

14 2309 193 2363 omnitempore
203 2309 282 2352 nullus
299 2307 381 2349 audeat
395 2320 485 2361 surgere
499 2308 535 2349 tel
549 2309 618 2349 exire.
