1554 2489
52 61 78 102 38
291 72 470 103 cousuarunmas

26 170 93 220 rarii3
117 171 195 222 postea
217 168 389 218 thuribularius,
411 169 492 211 deinde
508 170 667 222 subdyaconus
687 183 737 223 por-

26 238 78 276 tans
92 236 136 276 silai
149 235 239 284 librum,
254 234 335 276 ultimo
349 235 471 287 dyaconus
494 236 516 276 et
535 235 652 277 incensato
670 236 735 284 libro,

27 300 191 341 thurilnilarius
214 312 265 341 curn
288 299 424 341 ceroferariis
451 300 569 341 revertitur
592 301 621 341 ad
643 301 737 342 chorum

28 368 91 406 stans
118 365 144 405 in
170 365 243 406 medio
266 365 366 417 ipsorum
394 376 472 406 uersus
499 364 640 417 evangelium
663 365 738 406 inccn-

28 430 98 471 snndo
113 431 219 471 continue
236 442 308 483 usque
329 431 359 470 ad
378 430 446 471 finem
460 430 576 483 averagelii:
594 430 649 471 tunc
670 430 738 471 simul

27 496 169 536 revertuntur
183 495 213 535 ad
225 495 376 536 reducendum
391 507 430 536 cos
444 495 473 536 ad
486 495 562 536 altare:
579 495 738 547 subdyaconus

27 573 80 602 vero
93 561 153 602 inira
171 561 312 613 euangelium
326 573 377 602 cum
391 561 493 613 dyacono
506 562 589 610 manet,
607 563 629 602 et
649 562 673 602 in
693 562 739 602 linc

27 627 106 679 recipit
114 627 205 667 librum.
216 626 240 668 si
249 628 325 667 autem
339 627 400 679 apud
413 627 483 667 altare
496 627 616 680 legendum
625 629 659 668 est
672 639 739 668 eran-

4 741 6 744 ,
28 692 119 744 gellam,
146 693 236 744 accepta.
255 691 422 741 benedictione⁷
445 692 490 732 duo
511 692 599 733 accoliti
618 693 739 744 resumptis

29 757 97 799 cereis
107 758 167 799 stent
176 758 205 798 ad
213 757 287 798 levam
297 757 319 798 et
328 756 442 798 dexteram
449 757 596 809 suhdpmconi,
606 758 677 799 versis
691 758 740 799 mil-

29 823 90 864 libus
104 823 133 863 ad
147 822 294 874 evangelium:
316 823 355 874 qm
369 822 528 874 subdyaconus
550 825 593 863 stet
614 825 666 864 ante
687 824 740 875 dya-

29 900 118 937 conum,
133 887 297 928 thuribularius
311 898 363 928 raro
377 888 429 939 post
445 899 497 928 eum
508 889 552 928 stet
561 888 659 940 longius,
671 888 740 929 conti-

29 965 74 994 nue
87 952 225 994 incensando
240 963 318 993 versus
333 952 481 1005 euangelium.
496 953 571 993 Finito
585 954 661 994 autem
674 965 741 994 evan-

29 1018 95 1071 gelio,
105 1018 264 1070 subdyaconus
272 1017 351 1069 recipit
357 1017 448 1067 librum,
456 1018 565 1059 tradendo
572 1029 623 1059 eum
631 1018 741 1059 sacerdoti

30 1084 59 1124 ad
79 1083 264 1132 deosculandum,
290 1073 370 1123 deinde
395 1082 510 1134 dyacono;
533 1084 610 1134 postea
637 1083 741 1124 sacerdos

30 1148 108 1200 incipit
121 1171 130 1177 -
146 1149 222 1197 Credo,
241 1170 250 1177 -
271 1148 291 1188 si
313 1149 347 1188 est
370 1147 496 1188 dicendum.
511 1147 539 1188 m
561 1148 741 1200 quandocunque

30 1214 134 1254 sacerdos
142 1214 209 1254 vertit
219 1225 243 1254 sc
257 1213 286 1253 ad
295 1213 411 1266 populum,
420 1215 474 1253 tunc
483 1213 598 1266 dyaconus
608 1215 743 1266 genuflectat

31 1281 83 1319 ante
97 1279 171 1331 ipsum
186 1279 284 1331 aptando
298 1278 419 1330 planetam,
442 1278 461 1318 si
479 1279 655 1320 necesseirrerit.
678 1279 742 1319 Dicto

31 1357 84 1385 vero
103 1345 218 1385 offertorio
235 1357 249 1385 a
270 1344 383 1385 sacerdote
404 1345 426 1385 et
446 1345 563 1394 ministris,
585 1346 639 1386 tunc
660 1345 742 1386 chorus

32 1411 106 1452 adhuc
120 1413 197 1452 cantat
206 1411 350 1459 offertoriurm
361 1411 401 1451 fiat
415 1410 502 1451 oblacio
516 1410 599 1460 calicis,
610 1412 653 1452 hoc
662 1411 740 1452 modo:

32 1477 148 1528 dyaconus
158 1476 253 1528 accipiat
261 1477 367 1528 patenam
379 1477 400 1516 et
414 1475 491 1516 offerat
501 1473 610 1517 sacerdoti
619 1476 742 1517 osculando

32 1543 76 1583 sihi
89 1555 190 1584 manum.
201 1542 229 1583 m
237 1542 370 1595 generaliter
384 1542 573 1594 quandocumque
587 1543 690 1583 sacerdos
704 1542 743 1583 dat

32 1608 68 1648 vel
88 1608 167 1660 recipit
187 1607 280 1659 aliquid,
305 1607 402 1647 ministri
425 1607 554 1648 osculentur
575 1608 619 1648 sihi
641 1619 742 1656 manum,

32 1674 174 1725 preterquam
196 1673 221 1712 in
241 1671 318 1712 osculo
338 1671 408 1723 pacis.
428 1671 591 1724 Srdrdyaconns
605 1684 659 1713 vero
680 1673 743 1714 stans

32 1741 91 1779 retro
100 1739 125 1779 in
136 1737 210 1779 medio
224 1738 341 1779 audacium
355 1737 450 1789 accipiat
468 1738 497 1778 ab
513 1738 606 1778 accolito
621 1738 744 1791 ampullam

33 1805 104 1856 primo
119 1816 133 1844 a
147 1803 230 1844 dextris
251 1803 300 1855 cyus
321 1804 403 1852 stante,
421 1814 490 1855 quam
508 1802 631 1856 ampullam
650 1803 745 1856 accipiat

34 1870 137 1911 sacerdos
155 1870 182 1911 de
202 1881 272 1910 manu
294 1869 433 1921 subdyaconi
458 1868 592 1910 effundendo
615 1880 698 1921 aquam
719 1869 744 1909 in

34 1936 109 1985 calice,
125 1936 218 1977 dicendo
233 1936 357 1976 orationem
377 1958 386 1964 -
400 1937 460 1975 Deus
477 1937 515 1987 pai
536 1936 663 1983 11111111111ε;-
677 1944 744 1987 quem·

34 2002 126 2044 calicem
140 2003 255 2055 dyaconus
264 2002 354 2043 interim
368 2002 393 2042 in
402 2001 507 2042 manilius
521 2002 607 2050 teneat;
623 2001 683 2042 dicta
691 2013 744 2042 vero

36 2068 143 2116 oratione,
159 2067 275 2120 dyaconus
289 2068 360 2120 ponat
373 2066 465 2107 calicem
478 2067 503 2106 in
516 2066 591 2107 locum
612 2077 687 2115 suum,
709 2077 745 2107 co-

36 2133 155 2184 operiendo
177 2132 253 2184 ipsum
277 2144 328 2173 cum
349 2132 448 2173 custode.
464 2131 557 2172 Interim
570 2131 743 2180 thuribularius

35 2199 112 2250 parato
133 2197 257 2247 thuribulo,
279 2190 354 2238 tradat
373 2197 431 2238 illud
451 2197 608 2249 subdyacono:
628 2197 744 2249 dyaconus

35 2275 87 2304 vero
100 2264 218 2305 incensum
231 2275 282 2304 cum
296 2263 406 2304 cochleari
421 2262 521 2314 accipiat,
537 2262 573 2302 vel
587 2274 601 2302 a
616 2260 743 2302 thinibula-

34 2328 68 2369 rio
82 2328 117 2369 vel
131 2340 145 2370 a
165 2329 263 2370 secundo
284 2328 386 2378 accol'to,
401 2330 424 2369 et
439 2327 582 2370 benedictum
599 2339 613 2368 a
628 2326 744 2380 sacerdote
