1585 2474
70 66 96 106 73
151 76 301 106 srnrorissrnn
315 76 460 106 PROfflBnrnn
477 75 532 106 ESUS
547 75 649 107 GARNIUM
711 46 717 56 ¹

97 173 124 214 ln
137 173 216 225 primis
229 172 309 225 prefati
323 172 429 214 dominus
442 171 527 221 Abbas,
544 172 630 225 priores
644 174 666 214 et
679 185 757 214 mona-

42 227 81 275 chi
94 226 223 267 inherentes
236 226 334 278 regulari
343 225 459 267 traditioni
465 225 594 266 beatissimi
602 227 674 278 patris
684 226 757 267 nostri

43 278 164 328 Benedicti,
178 279 323 327 unanimiter,
339 290 417 320 eorum
434 278 525 320 nemine
545 278 692 331 discrepante,
713 281 757 321 sta-

42 334 143 380 tuerunt,
158 333 324 373 constituerunt
333 334 356 373 et
365 333 526 373 ordinaverunt
539 332 601 385 quod
609 332 687 373 nullus
696 333 757 385 prior

43 386 79 426 vel
93 385 190 426 aliorum
206 385 334 427 offitialium
349 386 520 435 monachorum,
540 396 699 426 conversorum
718 388 758 427 aut

43 438 178 487 oblatorum,
188 439 236 479 tam
245 439 385 491 presentium
394 450 463 491 quarn
471 439 606 487 intimorum,
617 438 672 479 dicti
680 450 758 479 mona-

44 491 106 532 sterii
121 491 265 533 Sublacensis
284 494 306 533 et
316 491 407 545 Specus,
429 492 592 544 cuiuscumque
612 491 756 541 conditionis,

44 545 129 597 gradus
147 546 187 586 aut
207 545 324 597 qualitatis
345 545 450 593 existant,
472 544 500 585 de
521 547 594 586 cetero
615 544 697 585 audeat
718 547 758 586 aut

44 600 166 649 presumat,
189 598 270 650 quavis
290 598 415 647 occasione,
434 598 522 638 ratione
534 598 572 638 rel
591 609 667 646 causa,
690 598 758 639 etiam

44 651 88 692 sub
109 652 212 702 pretextu
232 650 328 692 alicuius
348 651 426 692 habite
446 650 537 691 licentio
554 663 568 691 a
586 662 701 703 quoquam
722 650 759 691 vel

44 704 150 753 obtente,
174 703 289 745 comedere
311 715 404 753 carnes,
428 705 475 745 tam
498 703 669 757 quadrupedum
690 716 758 757 quam

44 757 179 805 volatilium
201 757 226 797 in
247 757 324 809 aliquo
346 757 410 807 loco,
435 757 483 798 sive
505 758 566 798 intra
585 757 642 799 fines
662 756 759 799 Abbatie

45 809 196 858 Sutlacensis,
219 810 267 851 sive
290 812 366 859 extra3
391 810 489 863 exceptis
509 810 628 851 dumtaxat
648 810 759 851 dictorum

34 863 233 905 ‘monasteriorum
258 863 403 906 Sublacensis
428 866 450 905 et
475 862 560 917 Specus
584 863 759 905 infirmariarum

45 917 112 958 locis:
128 918 153 958 in
167 917 250 970 quibus
263 917 326 967 iocis,
345 919 459 959 eteorum
476 917 585 971 quolibet,
599 917 680 971 prefati
698 918 760 960 Prio-

45 983 92 1020 res,
117 971 241 1013 secundum
262 983 340 1013 eorum
360 972 530 1021 discretionem,
552 973 574 1012 et
595 971 634 1012 alii
657 970 759 1012 offitiales

44 1025 148 1066 conversi
162 1026 184 1066 et
200 1024 278 1074 oblati,
298 1026 346 1066 tam
366 1027 481 1078 presentes
502 1037 572 1078 quam
591 1025 669 1074 futuri,
691 1036 760 1077 causa

45 1078 183 1119 infirmitatis
197 1078 234 1119 vel
249 1078 380 1128 debilitatis,
398 1079 466 1120 etiam
484 1090 536 1119 cum
554 1078 646 1120 licentia
663 1078 758 1131 prioris,

45 1133 95 1173 sive
117 1144 210 1173 suorum
232 1133 346 1185 priorum,
371 1132 496 1174 secundum
518 1132 620 1184 ipsorum
644 1132 759 1184 priorum,

45 1188 68 1226 et
82 1186 203 1227 cuiuslibet
223 1197 312 1235 eorum,
335 1186 503 1235 discretionem,
518 1185 608 1238 possint
628 1187 650 1227 et
670 1185 760 1227 valeant

45 1251 125 1280 carnes
138 1240 300 1293 cuiuscumque
314 1239 450 1281 conditionis
464 1241 486 1280 et
495 1239 619 1292 qualitatis,
629 1251 669 1291 pro
683 1251 761 1280 eorum

47 1293 223 1345 opportunitate,
238 1295 260 1334 et
274 1293 370 1334 durante
383 1295 483 1345 ternpore
492 1293 674 1345 opportunitatis,
690 1304 761 1334 come·

46 1346 99 1387 dere
111 1348 160 1387 tam
168 1347 284 1398 presentes
293 1358 361 1398 quaun
371 1346 447 1387 futuri¹
459 1346 554 1398 Insuper
563 1346 617 1399 quia
626 1346 762 1401 quandoque

47 1399 118 1451 aliqui
132 1399 238 1440 monachi
252 1399 288 1440 vel
302 1400 411 1449 conversi,
426 1400 516 1452 propter
531 1398 653 1440 fracturam
666 1399 760 1448 ossium,

46 1453 83 1493 rel
96 1464 137 1504 pro
151 1452 197 1493 alia
210 1452 347 1501 infirmitate,
362 1453 453 1493 fuerunt
466 1452 549 1504 portati
558 1452 588 1493 ad
601 1452 762 1493 (1111111111-

46 1506 77 1559 pi,
93 1506 147 1558 quia
160 1506 212 1557 apte
225 1516 272 1546 non
285 1507 373 1557 poterat
386 1507 411 1546 in
420 1505 556 1546 monasterio
570 1505 619 1546 dari
631 1505 761 1554 remedium,

47 1559 169 1599 voluerunt
182 1558 243 1611 quod
252 1558 277 1599 in
289 1559 331 1600 tali
341 1570 395 1600 casu
404 1558 465 1600 dicta
474 1559 555 1600 domus
564 1558 637 1611 campi
651 1559 762 1599 haheatur
790 1565 792 1567 “

46 1624 87 1665 pro
101 1612 231 1659 infirmaria,
247 1611 343 1653 durante
363 1612 494 1653 infirmitate
506 1611 582 1652 taliter
602 1611 760 1664 egrotantium,

47 1668 70 1705 et
83 1676 130 1705 non
143 1677 184 1716 pro
199 1664 257 1705 aliis.

101 1718 158 1758 Item
172 1718 300 1758 statuerunt
313 1719 335 1758 et
349 1718 510 1758 ordinaverunt
526 1718 587 1770 quod
600 1717 679 1758 nullus
691 1717 763 1769 prefa-

47 1772 123 1811 torum
136 1771 234 1823 priorum
253 1770 387 1819 offitialium,
403 1770 504 1812 etiamsi
517 1772 548 1811 sit
562 1770 660 1814 vicarius
676 1770 763 1811 domini

47 1824 145 1872 abbatis,
161 1823 200 1875 qui
213 1822 451 1864 vicarius'monachus
465 1824 547 1864 existat
561 1823 615 1864 dicti
628 1824 760 1872 conventus,

47 1879 70 1917 et
83 1876 162 1917 nullus
176 1877 346 1924 monachorum,
364 1888 523 1917 conversorum
537 1878 559 1917 et
573 1876 706 1924 oblatorum,
715 1877 763 1917 tarn

47 1929 186 1981 presentium
200 1941 269 1981 quam
282 1929 416 1977 futurorum,
432 1930 460 1970 de
476 1931 549 1970 cetero
563 1929 645 1969 audeat
665 1929 701 1969 vel
714 1941 763 1981 pre

49 1985 124 2024 sumat
138 1980 252 2023 comedere
266 1984 306 2022 aut
322 1982 400 2023 hibere
420 1981 544 2035 quidquam
560 1982 585 2022 in
599 1981 676 2035 aliqua
696 1982 763 2023 domo

48 2036 85 2076 rel
98 2035 148 2076 loco
162 2035 230 2076 castri
243 2035 384 2076 sublacensis
398 2036 420 2076 et
441 2036 591 2089 suburgorum
612 2035 669 2083 eius,
683 2035 764 2076 necin

49 2088 125 2141 aliquo
139 2088 189 2130 loco
203 2089 271 2129 castri
284 2089 382 2138 llarani3
393 2089 492 2140 exceptis
505 2089 623 2129 dumtaxat
631 2089 701 2129 rocha
710 2088 764 2129 dicti

49 2142 117 2183 castri
130 2141 283 2191 Sublacensis,
298 2144 321 2183 et
341 2142 408 2183 domo
429 2142 502 2195 campi
517 2143 538 2183 et
555 2141 633 2191 rinea3
648 2154 674 2183 ac
695 2142 764 2183 etiam

50 2197 141 2247 excepta
155 2195 295 2236 habitatione
309 2196 377 2237 roche
391 2195 445 2237 dicti
458 2196 526 2237 castri
540 2196 634 2237 Marani.

104 2250 159 2290 Item
173 2250 228 2302 quia
241 2261 300 2302 pena
313 2250 370 2302 legis
384 2250 505 2302 apponitur
518 2251 544 2291 ut
558 2249 671 2303 appetitus
681 2250 764 2291 noxius

50 2304 92 2344 sul)
107 2303 163 2356 legis
177 2303 255 2356 regula
269 2304 428 2357 restringatur:
440 2315 466 2345 ea
482 2305 571 2357 propter
580 2303 685 2359 prefatus!
694 2303 764 2346 domi-
