1560 2498
267 76 396 108 CAPITULUM
406 75 458 111 XVII

181 247 219 288 DE
234 246 378 289 CAPITULO
398 246 447 287 DIE
462 244 585 287 SABBATl

280 345 409 376 CAPITULUM
423 346 480 375 nvn.

79 461 184 512 Quolibet
197 461 233 502 die
251 460 341 501 sabbati
359 461 411 512 post
429 460 538 500 lecturam
555 459 632 511 regule
650 458 740 511 legatur

23 526 104 567 tabula
117 526 201 567 ibidem
214 537 253 577 per
267 524 418 565 sacristanum
434 524 560 576 preparata,
576 535 620 575 que
641 523 741 564 continet

26 591 119 631 nomina
133 590 263 631 officialium
278 592 319 642 pro
342 589 418 630 lutura
439 588 572 641 septimana,
593 588 697 629 tidelicet
718 588 743 628 in

24 656 69 696 hac
82 656 164 696 forma:
180 678 189 685 -
201 655 277 706 Officio
286 656 407 695 convenius
417 677 426 683 -
439 649 635 694 Ebriotraiciamus:
651 664 743 693 nonnus

24 715 160 762 Benedictus
174 744 183 751 -
193 723 321 774 rtpuoouusr
330 732 422 772 nonnus
432 719 538 761 Placidus
547 742 556 749 -
570 720 742 772 Srftbrtprrcouus:

3 797 5 799 ’
26 798 118 827 nonnus
132 787 224 828 Maurus
238 810 247 816 -
260 787 372 828 Aocolitus
390 788 493 839 prunus:
508 785 576 827 iiater
589 785 720 826 Honoratus
734 808 743 813 -

25 852 138 892 Accoltiuc
153 853 276 893 secrrrrrlus:
289 852 357 892 trater
374 851 504 903 Simplicius
513 875 522 881 -
538 852 622 892 Orrirtor
639 852 743 903 priutuc:

23 918 93 963 i'rater
102 918 182 958 Petrus
192 940 201 947 —
213 919 296 959 Orrutor
306 918 430 958 cacciarius:
439 916 507 957 irater
517 906 630 957 lohannes
640 940 649 945 -
656 917 744 956 Lector:

25 981 128 1023 Andreas
142 982 170 1023 de
183 983 297 1035 ungaria·
312 982 424 1023 Soroitor:
442 981 510 1022 irater
523 981 635 1022 Martinus
655 981 683 1022 de
703 993 726 1033 p.
735 1003 744 1009 -

29 1048 109 1088 Cocus:
122 1043 189 1088 irater
203 1048 317 1088 lohannes
327 1047 354 1088 de
368 1059 462 1088 morano
471 1071 480 1077 -
489 1038 568 1087 -L'ertio
575 1048 666 1100 priato:
675 1046 744 1087 irater

26 1112 129 1153 Paulus·
142 1113 216 1153 Lectio
231 1114 341 1153 socruum:
355 1113 423 1153 frater
437 1112 535 1153 lacobus
545 1135 554 1141 -
567 1113 642 1152 Lectio
660 1113 742 1152 tei-tto:

26 1189 117 1218 nonnus
126 1177 259 1219 Frideriousss
275 1179 301 1219 Si
307 1179 381 1231 placet
391 1179 499 1218 ordinare
509 1179 535 1218 dc
545 1179 638 1217 dominc
651 1179 743 1226 irriseris,

26 1243 61 1283 ool
78 1256 121 1295 pro
140 1244 244 1283 mortuis.
260 1266 269 1272 -
285 1243 368 1283 Prolati
381 1244 458 1283 autem
478 1242 557 1283 tratres
578 1242 684 1283 officiales
704 1254 743 1294 per

26 1310 97 1349 totam
111 1308 259 1350 ebdomadam
279 1309 364 1350 iaciant
377 1321 420 1350 sua
440 1308 513 1349 officia
527 1309 660 1361 specialiter,
675 1310 742 1361 prout

24 1386 54 1415 ex
62 1374 158 1415 rubricis
167 1375 340 1426 cerimoniarum
348 1376 421 1427 patet:
433 1375 567 1427 temporales
578 1375 654 1427 atriem
664 1386 741 1426 quem-

25 1438 147 1480 admodum
160 1439 296 1491 descriptum
310 1441 345 1480 esi
358 1439 383 1480 in
396 1440 482 1491 regula.

196 1644 197 1647 ¹
248 1633 286 1673 DE
300 1632 510 1674 EBDOMADARIO

288 1732 417 1763 CAPITULUM
430 1733 494 1762 xturr.

32 1868 34 1871 '
78 1863 256 1904 Ebdomadarius
270 1864 339 1904 misse
353 1864 510 1905 conventualis
519 1864 589 1904 habet
602 1864 675 1905 dicere
684 1864 741 1905 mis-

25 1940 74 1970 sam
97 1930 270 1971 conventualem
290 1942 329 1982 per
350 1931 422 1971 totam
445 1931 602 1982 septimanam,
625 1932 647 1970 et
668 1930 741 1971 facere

24 1994 120 2035 officium
136 1995 161 2035 in
175 1996 250 2044 choro,
266 1996 311 2036 nisi
325 1996 411 2037 venerit
425 1996 509 2048 duplex
529 1995 604 2037 maius
618 1996 679 2048 quod
692 2008 741 2048 per-

24 2060 81 2100 tinet
95 2060 124 2100 ad
137 2061 241 2112 priorem,
257 2061 294 2101 vel
308 2061 345 2101 cui
358 2061 407 2114 ipse
424 2061 567 2102 commiserit.
583 2061 640 2102 ltem
661 2073 740 2102 omues

25 2125 92 2166 lioras
106 2125 186 2178 incipit
199 2127 224 2167 in
237 2126 287 2167 loco
301 2139 350 2167 »suo
365 2127 390 2168 in
410 2127 478 2168 choro
493 2127 533 2168 ubi
554 2128 606 2177 stat,
628 2129 702 2179 preter
715 2127 740 2167 in

24 2190 108 2242 duplici
122 2191 202 2231 maiori
217 2192 308 2244 quando
322 2192 348 2232 fit
362 2203 414 2233 cum
427 2193 508 2244 paratu
522 2192 545 2233 et'
554 2194 657 2233 cantatur
665 2194 740 2233 totum

27 2256 135 2297 officium:
145 2257 202 2297 tuuc
215 2257 240 2297 in
252 2258 355 2310 utrisque
364 2258 471 2310 vesperis,
482 2260 504 2298 et
513 2259 538 2299 in
547 2258 672 2307 matutinis,
684 2259 705 2298 et
715 2258 747 2298 in*

26 2321 133 2362 laudibus
147 2321 201 2363 dicit
210 2345 219 2351 -
228 2324 289 2379 Deus
303 2325 329 2363 iu
344 2325 492 2373 crdirrtoriuur,
501 2347 510 2353 -
520 2323 644 2375 capitulum
653 2325 675 2364 et
689 2335 737 2364 ora-
