1560 2498
282 53 411 98 cnprr‘unuu
424 44 479 97 aava
690 54 717 96 35

27 164 102 205 triduo
124 165 177 205 ante
196 165 282 217 pascha
302 165 370 206 etiam
391 176 438 205 nou
459 165 561 205 servatur
581 163 642 210 idem
662 162 744 203 modus

27 229 97 271 horas
118 230 273 280 concludendi,
289 230 329 271 sed
342 223 414 282 prout
427 242 496 281 supra
510 229 595 270 dict-um
609 228 682 270 estin
696 228 745 269 bre-

29 295 101 337 viario
116 296 250 338 continetur.

34 369 36 372 ·
82 360 118 402 Ad
126 361 238 411 Terciam3
254 361 313 403 iacto
322 360 394 413 primo
405 359 470 412 signo
482 361 618 401 conveniant
627 372 706 401 omnes
715 359 747 400 ad

28 425 148 467 dicendum
161 426 253 468 terciam
276 426 304 467 de
323 425 415 466 domina
433 424 458 465 in
479 424 589 474 sacristia,
605 437 650 477 qua
670 426 736 466 finita

29 492 133 533 sacerdos
150 493 172 534 et
188 493 291 545 cantores
305 490 380 532 induti
393 491 420 532 ut
433 501 509 543 supra,
525 489 642 543 dyaconus
656 491 678 531 et
692 490 747 532 sub·

28 556 144 610 dyaconus
166 556 288 606 tunicellis,
310 556 399 597 accoliti
424 567 478 597 vero
503 555 679 608 superpelliciati
701 556 744 597 boc

28 623 95 663 modo
110 623 194 663 intrent
209 622 303 662 chorum
316 621 375 662 nihil
389 620 482 662 omnino
496 620 602 662 manibus
615 622 744 674 gestantes,

29 687 69 727 sed
82 688 114 727 eis
127 687 254 727 reverenter
267 686 310 727 sub
324 686 419 727 manicIs
433 686 537 738 plicatis:
553 685 626 738 primo
641 687 744 727 cantores

11 753 156 804 precedunt,
180 764 251 804 qutun
274 752 398 792 secundum
425 752 546 804 incipitur3
576 752 675 793 secundo
699 752 745 793 duo

29 818 125 867 accoliti,
140 818 209 859 tercio
224 817 389 859 thuribularius
403 818 474 867 solus,
488 819 569 869 [suario
583 817 633 858 loco
647 818 747 870 subdya-

29 896 107 934 conus,
123 883 203 936 quinto
217 883 341 936 dyaconus,
350 882 431 930 ultimo
444 883 559 924 sacerdos:
578 883 621 935 qui,
632 883 746 932 sacerdos„

30 950 49 990 si
63 962 110 991 non
124 950 195 991 abbas
204 949 240 990 vel
251 950 319 1002 prior,
335 949 398 998 vadit
407 949 437 989 ad
446 950 540 990 chorum
554 950 664 1002 currentis
679 949 748 990 ebdo-

29 1016 131 1065 madarii,
147 1017 169 1057 et
183 1016 226 1056 stet
240 1015 317 1056 statim
331 1016 382 1067 post
400 1015 506 1055 abbatem
526 1014 563 1056 vel
576 1015 684 1067 priorem:
706 1014 746 1055 alii

29 1082 114 1123 vadant
123 1082 153 1123 ad
165 1082 216 1123 loca
229 1093 278 1122 sua.
293 1081 368 1132 Finito
387 1082 463 1122 autem
481 1081 557 1133 pulsu,
573 1083 595 1121 et
609 1081 669 1122 dieto
679 1104 688 1111 -
701 1083 746 1121 Po-

29 1148 62 1188 ter
76 1150 158 1198 noster,
168 1170 177 1176 -
189 1147 293 1199 tactoque
314 1146 380 1200 signo
398 1158 438 1198 per
459 1146 571 1195 abbatem,
587 1146 693 1187 sacerdos
711 1146 749 1187 in-

29 1212 98 1266 cipiat
111 1225 201 1255 versum
214 1215 291 1254 -Deus
305 1215 330 1253 in
344 1214 485 1262 delictor-iura
499 1225 574 1252 racina
589 1214 684 1263 intende,
694 1236 703 1242 -
715 1213 745 1253 ad

29 1291 96 1331 quem
109 1290 200 1320 versum
213 1290 287 1330 usque
305 1278 334 1318 ad
352 1301 361 1308 -
373 1278 451 1319 Gloria
463 1279 544 1330 putri·
565 1289 645 1318 omnes
662 1278 743 1319 iratres

29 1344 198 1396 omnitempore
212 1344 272 1384 stent
285 1343 388 1384 conversi
396 1355 476 1384 versus
486 1342 563 1384 altare.
575 1342 599 1384 Si
608 1354 662 1384 vero
674 1343 745 1384 abbas

29 1409 66 1450 vel
78 1409 139 1461 prior
152 1409 226 1458 inerit,
241 1408 305 1449 vadit
319 1408 348 1449 ad
361 1409 436 1449 locum
450 1420 529 1457 sunum
545 1408 618 1457 alias,
626 1410 652 1449 ut
666 1420 744 1461 supra.

29 1473 95 1515 Dicta
108 1486 160 1527 ergo
175 1475 276 1515 oratione
289 1485 303 1514 a
317 1474 431 1515 sacerdote
445 1474 470 1514 in
488 1474 570 1523 terciis,
593 1476 639 1515 tres
656 1474 745 1515 accoliti

29 1540 114 1580 vadant
127 1540 157 1580 ad
170 1539 303 1588 sacristiam,
313 1540 335 1579 et
346 1539 445 1580 incensis
454 1539 606 1580 luminaribus
616 1551 642 1580 ac
651 1540 745 1581 incenso

30 1607 114 1657 aptato,
129 1606 180 1658 post
193 1607 254 1646 -Deo
268 1607 356 1657 yvctdos
365 1613 374 1634 ’-
383 1606 448 1646 exeat
458 1605 562 1646 sacerdos
578 1617 629 1646 oum
642 1606 745 1657 dyacono

25 1672 52 1711 «et
61 1670 207 1723 subdyacono
218 1682 263 1711 suo
277 1670 355 1711 ordine
369 1670 399 1711 ad
412 1671 545 1711 sacristiam.

84 1736 176 1777 Interim
189 1735 291 1788 pulsetur
314 1736 343 1776 ad
356 1736 457 1791 missam,
482 1737 504 1777 et
517 1738 621 1777 cantores
634 1736 747 1789 incipiunt

28 1801 130 1843 missam.
141 1801 249 1844 Sacerdos
260 1814 315 1844 vero
329 1803 411 1843 exutus
420 1802 516 1854 pluviali
525 1802 632 1844 induetur
640 1802 744 1855 planeta:

27 1867 110 1908 deinde
124 1867 248 1919 procedunt
261 1868 292 1908 ad
309 1867 389 1908 altare.
409 1868 485 1908 Primo
506 1868 551 1908 duo
573 1867 705 1918 ceroferarii,
720 1870 747 1909 ut

29 1928 99 1984 supra
112 1932 198 1973 dictum
212 1933 246 1973 est
259 1932 404 1985 invesperis;
420 1933 501 1974 deinde
509 1933 684 1983 thuribularios,
695 1935 747 1986 post

30 2009 98 2050 quem
111 1997 178 2045 ¹vadit
196 1998 359 2051 ,subdyaconus
378 1999 453 2040 ferens
474 1998 518 2039 sibi
538 1993 622 2040 librum
643 1999 758 2041 clausum

24 2064 84 2104 ,ante
100 2064 182 2114 ,pectus
197 2064 296 2116 utraque
309 2075 391 2114 manu,
414 2064 495 2105 deinde
516 2064 633 2116 dyaconus
651 2066 748 2116 utraque

30 2139 100 2179 manu
113 2127 206 2168 calicem
216 2130 324 2180 portans:
339 2129 421 2170 ultimo
431 2129 535 2172 sacerdos
544 2129 634 2182 plicatis
643 2131 668 2170 in
678 2130 748 2171 direc-

29 2194 80 2234 tum
98 2194 151 2234 ante
171 2204 196 2234 se
216 2194 322 2234 manibus
338 2197 476 2247 reverenter,
498 2197 520 2235 et
540 2196 599 2236 iacta
619 2196 748 2236 reverencia

31 2259 84 2299 ante
98 2258 174 2307 altare,
183 2258 306 2311 ,dispositis
320 2271 410 2314 quoque
429 2260 588 2309 thuribulario,
608 2260 710 2312 dyacono
725 2261 748 2301 et

26 2335 77 2369 uno
87 2324 216 2366 centenario
230 2325 260 2366 ad
266 2325 394 2375 <dextera-m,
405 2326 556 2378 subdyacono
566 2338 618 2370 ,vero
628 2327 651 2367 et
659 2325 747 2378 reliquo
